% Encoding: ISO-8859-1

@InProceedings{Matun04,
  Title                    = {Membrane Deployment for Spinning Formation Flight Solar Sail},
  Author                   = {S. Matunaga and H. Yabe and K. Nakaya and M. Iai and K. Omagari and O. Mori},
  Booktitle                = {14th Workshop on {JAXA} Astrodynamics and Flight Mechanics},
  Year                     = {2004},

  Address                  = {Kanagawa, Japan},
  Month                    = jul,
  Number                   = {A-11},

  Crossref                 = {o},
  Timestamp                = {2010.01.07}
}

@Book{Silja91,
  Title                    = {Decentralized Control of Complex Systems},
  Author                   = {D. D. {\v{S}}iljak},
  Publisher                = {Academic Press},
  Year                     = {1991},

  Address                  = {Boston, MA},

  Owner                    = {hiraku},
  Timestamp                = {2008.04.06}
}



@Article{Acord64,
  Title                    = {Theoretical and Practical Aspects of Solar Pressure Attitude Control for Interplanetary Spacecraft},
  Author                   = {J. D. Acord and J. C. Nicklas},
  Journal                  = {Guidance and Control II: Progress in Astronautics and Aeronautics},
  Year                     = {1964},
  Pages                    = {73-101},
  Volume                   = {13},

  Address                  = {New York},
  Owner                    = {hiraku},
  Publisher                = {Academic Press},
  Timestamp                = {2008.04.06}
}

@TechReport{Adams00,
  Title                    = {Design and Flight Testing of an Inflatable Sunshield for the {NGST}},
  Author                   = {M. L. Adams and H. L. Culver and D. M. Kaufman and L. K. Pacini and J. Sturm and S. Lienard},
  Year                     = {2000},
  Type                     = {{AIAA Paper} 2000-1797},

  Owner                    = {hiraku},
  Timestamp                = {2008.04.06}
}

@TechReport{Adeto02,
  Title                    = {Description of New Inflatable/Rigidizable Hexampd Structure Tested for Shape and Vibration Control},
  Author                   = {O. Adetona and L. H. Keel and L. G. Horta and D. P. Cadogan and G. H. Sapna and S. E. Scarborough},
  Year                     = {2002},
  Type                     = {{AIAA Paper} 2002--1451},

  Owner                    = {hiraku},
  Timestamp                = {2008.04.06}
}

@PhdThesis{Adler00phd,
  Title                    = {Finite Element Approaches for Static and Dynamic Analysis of Partially Wrinkled Membrane Structures},
  Author                   = {A. L. Adler},
  School                   = {University of Colorado},
  Year                     = {2000},
  Month                    = dec,

  Owner                    = {hiraku},
  Timestamp                = {2008.04.06}
}

@TechReport{Adler01,
  Title                    = {Application of a Wrinkled Membrane Finite Element Approach to Advanced Membrane Structures},
  Author                   = {A. L. Adler and M. M. Mikulas},
  Year                     = {2001},
  Type                     = {{AIAA Paper} 2001--4646},

  Owner                    = {hiraku},
  Timestamp                = {2008.04.06}
}

@TechReport{Adler00,
  Title                    = {Static and Dynamic Analysis of Partially Wrinkled Membrane Structures},
  Author                   = {A. L. Adler and M. M. Mikulas and J. M. Hedgepeth},
  Year                     = {2000},
  Type                     = {{AIAA Paper} 2000--1810},

  Owner                    = {hiraku},
  Timestamp                = {2008.04.06}
}

@TechReport{Adler03,
  Title                    = {The Wrinkle Effects of Discretizing the Boundary of a Tensioned, Flat Circular Membrane},
  Author                   = {A. L. Adler and L. Robertson},
  Year                     = {2003},
  Type                     = {{AIAA Paper} 2003--1980},

  Owner                    = {hiraku},
  Timestamp                = {2008.04.06}
}

@PhdThesis{Akita03phd,
  Title                    = {Research on Wrinkling Analysis of Membrane Structures Using Projection Matirix},
  Author                   = {T. Akita},
  School                   = {University of Tokyo, Japan},
  Year                     = {2003},
  Month                    = dec,
  Note                     = {(in Japanese)},

  Owner                    = {hiraku},
  Timestamp                = {2008.04.06}
}

@Proceedings{Akita04,
  Title                    = {Derivation of Modified Stress-Strain Tensor for Wrinkled Membrane by Using Projection Matrix},
  Year                     = {2004},

  Address                  = {Beijing, China},
  Month                    = sept,

  Author                   = {T. Akita and K. Nakashino and M. C. Natori and K. C. Park},
  Booktitle                = {Computational Mechanics WCCM VI in conjunction with APCOM'04},
  Owner                    = {hiraku},
  Timestamp                = {2008.04.06}
}

@Article{Alvin95,
  Title                    = {Consistent Modal Reduction of Experimental Modal Parameters for Reduced-Order Control},
  Author                   = {K. F. Alvin and L. D. Peterson and K. C. Park},
  Journal                  = {Journal of Guidance, Control, and Dynamics},
  Year                     = {1995},

  Month                    = jul # {-} # aug,
  Number                   = {4},
  Pages                    = {748--755},
  Volume                   = {18},

  Owner                    = {hiraku},
  Timestamp                = {2008.04.06}
}

@TechReport{Armst65,
  Title                    = {Errors Associated with Spinning-Up and Thrusting Symmetric Rigid Bodies},
  Author                   = {R. S. Armstrong},
  Institution              = {Jet Propulsion Laboratory},
  Year                     = {1965},
  Month                    = feb,
  Number                   = {No.~32-644},

  Owner                    = {hiraku},
  Timestamp                = {2008.08.18}
}


@Book{Bakus94,
  Title                    = {Ill-posed problems : theory and applications},
  Author                   = {A. Bakushinsky and A. Goncharsky},
  Publisher                = {Kluwer Academic Publishers},
  Year                     = {1994},

  Owner                    = {Hiraku},
  Timestamp                = {2013.02.16}
}

@InProceedings{Balas90,
  Title                    = {Low-Order Control of Linear Finite-Element Models of Large Flexible Structures Using Second-Order Parallel Architecture},
  Author                   = {M. J. Balas},
  Booktitle                = {Mechanics and Control of Large Flexible Structures},
  Year                     = {1990},
  Editor                   = {J. L. Junkins},
  Publisher                = {American Institute of Aeronautics and Astronautics},
  Series                   = {Volume 129: Progress in Astronautics and Aeronautics},

  Chapter                  = {11},
  Owner                    = {hiraku},
  Timestamp                = {2008.04.06}
}

@InProceedings{Balas77,
  Title                    = {An Active Modal Control System Philosophy for a Class of Large Space Structures},
  Author                   = {M. J. Balas and J. R. Canavin},
  Booktitle                = {Dynamics and Control of Large Flexible Spacecraft},
  Year                     = {1977},

  Address                  = {Blacksburg, VA},
  Month                    = jun,

  Owner                    = {hiraku},
  Timestamp                = {2008.04.06}
}

@TechReport{Bales03,
  Title                    = {Experimental Issues That Impact In-Vacuum Dynamic Characterization of Thin Film Membranes},
  Author                   = {G. L. Bales and J. L. Hall and E. M. Flint and R. M. Glaese},
  Year                     = {2003},
  Type                     = {{AIAA Paper} 2003--1743},

  Owner                    = {hiraku},
  Timestamp                = {2008.04.06}
}

@TechReport{Banik10,
  Title                    = {Verification of a Retractable Solar Sail in a Thermal Vaccum Environment},
  Author                   = {J. A. Banik and E. V. Ardelean},
  Year                     = {2010},
  Type                     = {{AIAA Paper} 2010-2585},

  Owner                    = {hiraku},
  Timestamp                = {2008.04.06}
}

@TechReport{Banik07,
  Title                    = {Synchronous Deployed Solar Sail Subsystem Design Concept},
  Author                   = {J. A. Banik and T. W. Murphey},
  Year                     = {2007},
  Type                     = {{AIAA Paper} 2007-1837},

  Owner                    = {hiraku},
  Timestamp                = {2008.04.06}
}

@Book{Bathe96,
  Title                    = {Finite Element Procedures},
  Author                   = {K. J. Bathe},
  Publisher                = {Prentice Hall},
  Year                     = {1996},

  Owner                    = {hiraku},
  Timestamp                = {2009.04.02}
}

@Book{Bellm70,
  Title                    = {Introduction to Matrix Analysis: Second Edition},
  Author                   = {R. Bellman},
  Publisher                = {McGraw-Hill Book Company},
  Year                     = {1970},

  Address                  = {New York, NY},

  Owner                    = {hiraku},
  Timestamp                = {2008.04.06}
}

@Article{Belvi90,
  Title                    = {Structural Tailoring and Feedback Control Synthesis: An Interdisciplinary Approach},
  Author                   = {W. K. Belvin and K. C. Park},
  Journal                  = {Journal of Guidance, Control and Dynamics},
  Year                     = {1990},

  Month                    = may # {-} # jun,
  Number                   = {3},
  Pages                    = {424--429},
  Volume                   = {13},

  Owner                    = {hiraku},
  Timestamp                = {2008.04.06}
}

@TechReport{Bisho98,
  Title                    = {Shape Correction of Initially Flat Membranes by a Genetic Algorithm},
  Author                   = {J. A. Bishop},
  Year                     = {1998},
  Type                     = {{AIAA Paper} 98--1984},

  Owner                    = {hiraku},
  Timestamp                = {2008.04.06}
}

@TechReport{Black04,
  Title                    = {Photogrammetry and Videogrammetry Methods for Solar Sails and Other Gossamer Structures},
  Author                   = {J. T. Black and R. S. Pappa},
  Year                     = {2004},
  Type                     = {{AIAA Paper} 2004--1662},

  Owner                    = {hiraku},
  Timestamp                = {2008.04.06}
}

@Article{Bland02jsr,
  Title                    = {Corner Wrinkling of a Square Membrane Due to Symmetric Mechanical Loads},
  Author                   = {J. R. Blandino and J. D. Johnston and U. K. Dharamsi},
  Journal                  = {Journal of Spacecraft and Rockets},
  Year                     = {2002},

  Month                    = sep # {-} # oct,
  Number                   = {5},
  Pages                    = {717-724},
  Volume                   = {39},

  Owner                    = {hiraku},
  Timestamp                = {2008.04.06}
}

@TechReport{Bland02_2,
  Title                    = {The Effect of Asymmetric Mechanical and Thermal Loading on Membrane Wrinkling},
  Author                   = {J. R. Blandino and J. D. Johnston and J. J. Miles and U. K. Dharamsi},
  Year                     = {2002},
  Type                     = {{AIAA Paper} 2002-1371},

  Owner                    = {hiraku},
  Timestamp                = {2008.04.06}
}

@TechReport{Bradf13,
  Title                    = {Controlling Wavefront in Lightweight Reflector Systems using Piezocomposite Actuator Arrays},
  Author                   = {S. Bradford and W. K. Wilkie and G. S. Agnes and L. Peterson},
  Year                     = {2013},
  Type                     = {{AIAA Paper} 2013-1525},

  Owner                    = {hiraku},
  Timestamp                = {2008.04.06}
}

@Book{Bukhg00,
  Title                    = {Introduction to the theory of inverse problems},
  Author                   = {A. L. Bukhgeim},
  Publisher                = {Utrecht},
  Year                     = {2000},

  Owner                    = {Hiraku},
  Timestamp                = {2013.02.16}
}

@TechReport{Cadog99_2,
  Title                    = {Inflatable Solar Array Technology},
  Author                   = {D. P. Cadogan and J. K. Lin},
  Year                     = {1999},
  Type                     = {{AIAA Paper} 99-1075},

  Owner                    = {hiraku},
  Timestamp                = {2008.04.06}
}

@TechReport{Cadog99_1,
  Title                    = {The Development of Inflatable Space Radar Reflectarrays},
  Author                   = {D. P. Cadogan and J. K. Lin and M. S. Grahne},
  Year                     = {1999},
  Type                     = {{AIAA Paper} 99-1517},

  Owner                    = {hiraku},
  Timestamp                = {2008.04.06}
}

@Article{Campb56,
  Title                    = {On the Theory of Initially Tensioned Circular Membrane Subjected to Uniform Pressure},
  Author                   = {J. D. Campbell},
  Journal                  = {Quarterly Journal of Mechanics and Applied Mathematics},
  Year                     = {1956},
  Number                   = {1},
  Pages                    = {84-93},
  Volume                   = {9},

  Owner                    = {hiraku},
  Timestamp                = {2008.04.06}
}

@Proceedings{Campb01,
  Title                    = {Mission Concepts and Systems: Space Inflatable Radiometer System Concept},
  Year                     = {2001},
  Editor                   = {C. H. Jenkins},
  Publisher                = {AIAA},
  Series                   = {Volume 191: Progress in Astronautics and Aeronautics},

  Author                   = {T. G. Campbell and M. C. Bailey and R. W. Lawrence},
  Booktitle                = {Gossamer Spacecraft: Membrane and Inflatable Structures Technology for Space Applications},
  Chapter                  = {16},
  Owner                    = {hiraku},
  Timestamp                = {2008.04.06}
}

@TechReport{Carey00,
  Title                    = {Inflatable Sunshield in Space {(ISIS)} versus Next Generation Space Telescope {(NGST)} --- A Mass Properties Comparison},
  Author                   = {J. Carey and D. Cadogan and L. Pacini and E. Goldstein and M. Lou},
  Year                     = {2000},
  Type                     = {{AIAA Paper} 2000-1569},

  Owner                    = {hiraku},
  Timestamp                = {2008.04.06}
}

@Article{Cerda03,
  Title                    = {Geometry and Physics of Wrinkling},
  Author                   = {E. Cerda and L. Mahadevan},
  Journal                  = {Physical Review Letters},
  Year                     = {2003},

  Month                    = feb,
  Number                   = {7},
  Volume                   = {90},

  Owner                    = {hiraku},
  Timestamp                = {2008.04.06}
}

@Article{Cha00,
  Title                    = {Model Updating Using an Incomplete Set of Experimental Modes},
  Author                   = {P. D. Cha and W. Gu},
  Journal                  = {Journal of Sound and Vibration},
  Year                     = {2000},
  Number                   = {4},
  Pages                    = {587-600},
  Volume                   = {233},

  Owner                    = {Hiraku},
  Timestamp                = {2013.02.21}
}

@TechReport{Chamb19,
  author    = {M. K. Chamberlain and S. H. Kiefer and J. A. Banik},
  title     = {Structural analysis methods for the Roll-Out Solar Array flight experiment},
  year      = {2019},
  type      = {{AIAA Paper} 2019--2376},
  owner     = {hiraku},
  timestamp = {2008.04.06},
}

@Article{Cherc71,
  Title                    = {Dynamics of Spin-Stabilized Satellites during Extension of Long Flexible Booms},
  Author                   = {D. B. Cherchas},
  Journal                  = {Journal of Spacecraft and Rockets},
  Year                     = {1971},

  Month                    = jul,
  Number                   = {7},
  Pages                    = {802-804},
  Volume                   = {8},

  Timestamp                = {2010.01.08}
}

@InProceedings{Chmie01_2,
  Title                    = {Advanced Concepts},
  Author                   = {A. B. Chmielewski},
  Booktitle                = {Gossamer Spacecraft: Membrane and Inflatable Structures Technology for Space Applications},
  Year                     = {2001},
  Editor                   = {C. H. Jenkins},
  Publisher                = {AIAA},
  Series                   = {Volume 191: Progress in Astronautics and Aeronautics},

  Chapter                  = {22},
  Owner                    = {hiraku},
  Timestamp                = {2008.04.06}
}

@Article{GossamerIntro,
  Title                    = {Overview of Gossamer Structures},
  Author                   = {A. B. Chmielewski},
  Journal                  = {Gossamer Spacecraft: Membrane and Inflatable Structures Technology for Space Applications},
  Year                     = {2001},
  Note                     = {{Chapter 1, edited by C. H. M. Jenkins, Vol.~191, Progress in Astronautics and Aeronautics, AIAA, New York}},
  Pages                    = {1--33},

  Owner                    = {Hiraku},
  Timestamp                = {2010.08.11}
}

@Article{Chock03,
  Title                    = {Load Updating for Finite Element Methods},
  Author                   = {J. M. Chock and R. K. Kapania},
  Journal                  = {{AIAA} Journal},
  Year                     = {2003},

  Month                    = sep,
  Number                   = {9},
  Pages                    = {1667-1673},
  Volume                   = {41},

  Owner                    = {Hiraku},
  Timestamp                = {2013.05.18}
}

@TechReport{Chodi06,
  Title                    = {Design Evaluation of a Large Aperture Deployable Antenna},
  Author                   = {S. P. Chodimella and J. D. Moore and J. Otto},
  Year                     = {2006},
  Type                     = {{AIAA Paper} 2006-1603},

  Owner                    = {Hiraku},
  Timestamp                = {2013.03.06}
}

@Book{Chopr95,
  Title                    = {Dynamics of Structures},
  Author                   = {A. K. Chopra},
  Publisher                = {Prentice Hall},
  Year                     = {1995},

  Address                  = {Englewood Cliffs, NJ},

  Chapter                  = {11},
  Owner                    = {hiraku},
  Timestamp                = {2008.04.06}
}

@Article{Chopr02,
  Title                    = {Review of State of Art of Smart Structures and Integrated Systems},
  Author                   = {I. Chopra},
  Journal                  = {AIAA Journal},
  Year                     = {2002},

  Month                    = nov,
  Number                   = {11},
  Pages                    = {2145-2187},
  Volume                   = {40},

  Owner                    = {Hiraku},
  Timestamp                = {2013.02.19}
}

@Article{Clout68,
  Title                    = {Dynamics of Deployment of Extendible Booms from Spinning Space Vehicles},
  Author                   = {G. J. Cloutier},
  Journal                  = {Journal of Spacecraft and Rockets},
  Year                     = {1968},

  Month                    = may,
  Number                   = {5},
  Pages                    = {547-552},
  Volume                   = {5},

  Timestamp                = {2010.01.08}
}

@TechReport{Colli67,
  Title                    = {A Three-Dimensional Analysis of a Tangential Yo-Yo Despin Device on a Rotating Body},
  Author                   = {R. L. Collins},
  Institution              = {National Aeronautics and Space Administration},
  Year                     = {1967},

  Address                  = {Washington, D. C.},
  Month                    = mar,
  Type                     = {{NASA TN D}-3848o},

  Timestamp                = {2010.01.08}
}

@InProceedings{Conne01,
  Title                    = {Materials for Inflatables in Space},
  Author                   = {J. W. Connell and K. A. Watson},
  Booktitle                = {Gossamer Spacecraft: Membrane and Inflatable Structures Technology for Space Applications},
  Year                     = {2001},
  Editor                   = {C. H. Jenkins},
  Publisher                = {AIAA},
  Series                   = {Volume 191: Progress in Astronautics and Aeronautics},

  Chapter                  = {6},
  Owner                    = {hiraku},
  Timestamp                = {2008.04.06}
}

@TechReport{Corni62,
  Title                    = {A Method of Accurately Reducing the Spin Rate of a Rotating Spacecraft},
  Author                   = {H. J. Cornille},
  Institution              = {NASA},
  Year                     = {1962},
  Month                    = oct,
  Number                   = {TN D-1420},

  Owner                    = {hiraku},
  Timestamp                = {2008.08.18}
}

@Article{Craig68,
  Title                    = {Coupling of Substructures for Dynamic Analyses},
  Author                   = {R. R. Craig and M. C. Bampton},
  Journal                  = {AIAA Journal},
  Year                     = {1968},

  Month                    = jul,
  Number                   = {7},
  Pages                    = {1313--1319},
  Volume                   = {6},

  Owner                    = {hiraku},
  Timestamp                = {2008.04.06}
}

@InProceedings{Crave01,
  Title                    = {Electromagnetic Properties of Thin Metallized Materials},
  Author                   = {R. L. Cravey and R. W. Lawrence},
  Booktitle                = {Gossamer Spacecraft: Membrane and Inflatable Structures Technology for Space Applications},
  Year                     = {2001},
  Editor                   = {C. H. Jenkins},
  Publisher                = {AIAA},
  Series                   = {Volume 191: Progress in Astronautics and Aeronautics},

  Chapter                  = {10},
  Owner                    = {hiraku},
  Timestamp                = {2008.04.06}
}

@Article{DAmbr98,
  Title                    = {On the Use of Consistent and Significant Information to Reduce Ill-conditioning in Dynamic Model Updating},
  Author                   = {W. {D'A}mbrogio and A. Fregolent},
  Journal                  = {Mechanical Systems and Signal Processing},
  Year                     = {1998},
  Number                   = {1},
  Pages                    = {203-222},
  Volume                   = {12},

  Owner                    = {Hiraku},
  Timestamp                = {2013.05.18}
}

@TechReport{Datas13,
  Title                    = {Design of a Morphing Skin Using Flexible Fiber Composites for Space-Reconfigurable Reflectors},
  Author                   = {L. S. Datashvili and H. Baier and B. Wei and S. Endler and L. Schreider},
  Year                     = {2013},
  Type                     = {{AIAA Paper} 2013-1522},

  Owner                    = {hiraku},
  Timestamp                = {2008.04.06}
}

@Book{DenHa47,
  Title                    = {Mechanical Vibrations},
  Author                   = {J. P. Den{\ }Hartog},
  Publisher                = {McGraw-Hill},
  Year                     = {1947},

  Address                  = {New York},

  Owner                    = {hiraku},
  Timestamp                = {2008.04.06}
}

@TechReport{Derbe04,
  Title                    = {Team Encounter Solar Sails},
  Author                   = {B. Derbes and G. Veal and J. Rogan and C. Chafer},
  Year                     = {2004},
  Type                     = {{AIAA Paper} 2004-1577},

  Owner                    = {hiraku},
  Timestamp                = {2008.04.06}
}

@TechReport{Dhara02,
  Title                    = {Comparing Photogrammetry with a Conventional Displacement Measurement Technique on a 0.5m Square {Kapton}$\rm{{}^{\footnotesize \textregistered}}$ Membrane},
  Author                   = {U. K. Dharamsi and D. M. Evanchik and J. R. Blandino},
  Year                     = {2002},
  Type                     = {{AIAA Paper} 2002-1258},

  Owner                    = {hiraku},
  Timestamp                = {2008.04.06}
}

@Article{Dinh11,
  Title                    = {Structural Parameter Identification by Use of Additional Known Masses and Its Experimental Application},
  Author                   = {H. D. Dinh and T. Nagayama and Y. Fujino},
  Journal                  = {Structural Control and Health Monitoring},
  Year                     = {2011},

  Month                    = apr,
  Number                   = {3},
  Pages                    = {436-450},
  Volume                   = {19},

  Owner                    = {Hiraku},
  Timestamp                = {2013.05.06}
}

@Article{Donne63,
  Title                    = {Concentrated Loads on Inflated Structures},
  Author                   = {L. H. Donnell},
  Journal                  = {{AIAA} Journal},
  Year                     = {1963},

  Month                    = aug,
  Number                   = {8},
  Pages                    = {1823-1828},
  Volume                   = {1},

  Owner                    = {hiraku},
  Timestamp                = {2008.04.06}
}

@Article{Downe93,
  Title                    = {Formulation and Solution of Inverse Spaghetti Problem: Application to Beam Deployment Dynamics},
  Author                   = {J. D. Downer and K. C. Park},
  Journal                  = {AIAA Journal},
  Year                     = {1993},

  Month                    = feb,
  Number                   = {2},
  Pages                    = {339--347},
  Volume                   = {31},

  Owner                    = {hiraku},
  Timestamp                = {2008.08.19}
}

@Article{Downe92,
  Title                    = {Dynamics of Flexible Beams for Multibody Systems: A Computational Procedure},
  Author                   = {J. D. Downer and K. C. Park and J. C. Chiou},
  Journal                  = {Computer Methods in Applied Mechanics and Engineering},
  Year                     = {1992},

  Month                    = may,
  Number                   = {3},
  Pages                    = {373--408},
  Volume                   = {96},

  Owner                    = {hiraku},
  Timestamp                = {2008.08.18}
}

@Article{Engl05,
  Title                    = {Nonlinear Inverse Problems: Theoretical Aspects and Some Inducstrial Applications},
  Author                   = {H. W. Engl and P. Kugler},
  Journal                  = {Multidisciplinary Methods for Analysis, Optimization and Control of Complex Systems},
  Year                     = {2005},
  Pages                    = {3-48},

  Owner                    = {Hiraku},
  Timestamp                = {2013.02.16}
}

@Article{Epste01,
  Title                    = {Anisotropic Membrane Wrinkling: Theory and Analysis},
  Author                   = {M. Epstein and M. A. Forcinito},
  Journal                  = {International Journal of Solids and Structures},
  Year                     = {2001},
  Pages                    = {5253--5272},
  Volume                   = {38},

  Owner                    = {hiraku},
  Timestamp                = {2008.04.06}
}

@TechReport{Fang04,
  Title                    = {Development of the Terrestrial Planet Finder Coronagraph Membrane {V}-Groove Sunshield},
  Author                   = {H. Fang and T. Y. Ho and U. Quijano and W. C. Ledeboer and A. Kissil and G. Agnes and G. S. Chen},
  Year                     = {2004},
  Type                     = {{AIAA Paper} 2004-1731},

  Owner                    = {hiraku},
  Timestamp                = {2008.04.06}
}

@TechReport{Fang01,
  Title                    = {Catenary Systems for Membrane Structures},
  Author                   = {H. Fang and M. Lou and L. Hsia and P. Leung},
  Year                     = {2001},
  Type                     = {{AIAA Paper} 2001--1342},

  Owner                    = {hiraku},
  Timestamp                = {2008.04.06}
}

@TechReport{Fang02,
  Title                    = {Development of a Three-Meter {K}a-Band Reflectarray Antenna},
  Author                   = {H. Fang and M. Lou and J. Huang and L. Hsia and G. Kerdanyan},
  Year                     = {2002},
  Type                     = {{AIAA Paper} 2002--1706},

  Owner                    = {hiraku},
  Timestamp                = {2008.04.06}
}

@Article{Fang04jsr,
  Title                    = {Inflatable Structure for a Three-Meter Reflectarray Antenna},
  Author                   = {H. Fang and M. Lou and J. Huang and L. M. Hsia and G. Kerdanyan},
  Journal                  = {Journal of Spacecraft and Rockets},
  Year                     = {2004},

  Month                    = jul # {-} # aug,
  Number                   = {4},
  Pages                    = {543--550},
  Volume                   = {41},

  Owner                    = {hiraku},
  Timestamp                = {2008.04.06}
}

@Article{Farha93,
  Title                    = {Updating Finte Element Dynamic Models Using an Element-by-Element Sensitivity Methodology},
  Author                   = {C. Farhat and F. M. Hemez},
  Journal                  = {AIAA Journal},
  Year                     = {1993},

  Month                    = sep,
  Number                   = {9},
  Pages                    = {1702-1711},
  Volume                   = {31},

  Owner                    = {Hiraku},
  Timestamp                = {2013.02.16}
}

@InProceedings{Fay98,
  Title                    = {Molecularly Oriented Polymeric Thin Films for Space Applications},
  Author                   = {C. C. Fay and C. M. Stoakley and A. K. Clair},
  Booktitle                = {43rd International SAMPE Symposium and Exhibition},
  Year                     = {1998},

  Address                  = {Anaheim, CA},
  Month                    = may # {-} # jun,

  Owner                    = {hiraku},
  Timestamp                = {2008.04.06}
}

@TechReport{Fedor63,
  Title                    = {Analytical Theory of the Stretch Yo-Yo for De-spin of Satellite},
  Author                   = {J. V. Fedor},
  Institution              = {National Aeronautics and Space Administration},
  Year                     = {1963},

  Address                  = {Washington, D. C.},
  Month                    = apr,
  Type                     = {{NASA TN D}-1676},

  Timestamp                = {2010.01.08}
}

@TechReport{Fedor61,
  Title                    = {Theory and Design Curves for a Yo-Yo De-Spin Mechanism for Satellites},
  Author                   = {J. V. Fedor},
  Institution              = {National Aeronautics and Space Administration},
  Year                     = {1961},

  Address                  = {Washington, D. C.},
  Type                     = {{NASA TN D}-708},

  Timestamp                = {2010.01.08}
}

@Book{Felip87,
  Title                    = {Nonlinear Finite Element Methods (ASEN 5107)},
  Author                   = {C. Felippa},
  Year                     = {1987},
  Note                     = {{\scriptsize \verb|http://www.colorado.edu/engineering/CAS/courses.d/| \verb|NFEM.d/Home.html|}, Chapter 9},

  Chapter                  = {9},
  Owner                    = {hiraku},
  Timestamp                = {2009.03.31},
  Url                      = {http://www.colorado.edu/engineering/CAS/courses.d/NFEM.d/Home.html}
}

@TechReport{Ficht97,
  Title                    = {Some Solutions for the Large Deflections of Uniformly Loaded Circular Membranes},
  Author                   = {W. B. Fichter},
  Year                     = {1997},
  Month                    = jul,
  Type                     = {{NASA TP}-3658},

  Owner                    = {hiraku},
  Timestamp                = {2008.04.06}
}

@TechReport{Flint01,
  Title                    = {Characterization, Prediction, and Improvement of Stretched Flat Hexagonal Gossamer Membrane Dynamic Response},
  Author                   = {E. M. Flint and R. M. Glaese},
  Year                     = {2001},
  Type                     = {{AIAA Paper} 2001--1410},

  Owner                    = {hiraku},
  Timestamp                = {2008.04.06}
}

@Book{Forsb05,
  Title                    = {Visualizing Project Management},
  Author                   = {K. Forsberg},
  Publisher                = {Wiley},
  Year                     = {2005},

  Owner                    = {Hiraku},
  Timestamp                = {2018.08.16}
}

@InProceedings{Freel01,
  Title                    = {History of Relevant Inflatable High-Precision Space Structures Technology Developments},
  Author                   = {R. F. Freeland},
  Booktitle                = {Gossamer Spacecraft: Membrane and Inflatable Structures Technology for Space Applications},
  Year                     = {2001},
  Editor                   = {C. H. Jenkins},
  Publisher                = {AIAA},
  Series                   = {Volume 191: Progress in Astronautics and Aeronautics},

  Chapter                  = {2},
  Owner                    = {hiraku},
  Timestamp                = {2008.04.06}
}

@Book{Frisw95,
  Title                    = {Finite Element Model Updating in Structural Dynamics},
  Author                   = {M. I. Friswell and J. E. Mottershead},
  Publisher                = {Kluwer Academic Publishers},
  Year                     = {1995},
  Series                   = {Solid Mechanics and its Applications},
  Volume                   = {38},

  Owner                    = {Hiraku},
  Timestamp                = {2011.04.26}
}

@TechReport{Fujii01,
  Title                    = {An Analysis of Vibration and Wave-Absorbing Control of Tether Systems},
  Author                   = {H. A. Fujii and T. Watanabe and W. Taira and P. Trivailo},
  Year                     = {2001},
  Type                     = {{AIAA Paper} 2001-4033},

  Owner                    = {hiraku},
  Timestamp                = {2008.04.06}
}

@Article{Funas08stj,
  Title                    = {Development of Oscillation-Free Attitude Maneuvering System for Spinning Solar Sail},
  Author                   = {R. Funase and F. Hanaoka and O. Mori and Y. Tsuda and J. Kawaguchi},
  Journal                  = {Trans. JSASS Space Technology Japan},
  Year                     = {2009},
  Pages                    = {Pd\_49--Pd\_55},
  Volume                   = {7},

  Timestamp                = {2010.01.07}
}

@InProceedings{Funas08,
  Title                    = {Development of Oscillation-Free Attitude Maneuvering System for Spinning Solar Sail},
  Author                   = {R. Funase and F. Hanaoka and O. Mori and Y. Tsuda and J. Kawaguchi},
  Booktitle                = {26th International Symposium on Space Technology and Science},
  Year                     = {2008},

  Address                  = {Hamamatsu, Japan},
  Month                    = jun,
  Number                   = {2008-d-56},

  Timestamp                = {2010.01.07}
}

@TechReport{Funas12,
  Title                    = {{IKAROS}, A Solar Sail Demonstrator and Its Application to Trojan Asteroid Exploration},
  Author                   = {R. Funase and J. Kawaguchi and O. Mori and H. Sawada and Y. Tsuda},
  Year                     = {2012},
  Type                     = {{AIAA Paper} 2012-1748},

  Owner                    = {hiraku},
  Timestamp                = {2008.04.06}
}

@Book{Fung01,
  Title                    = {Classical and Computational Solid Mechanics},
  Author                   = {Y. C. Fung and P. Tong},
  Publisher                = {World Scientific},
  Year                     = {2001},

  Address                  = {Farrer Road, Singapore},
  Note                     = {Chapter 4},

  Chapter                  = {9},
  Owner                    = {hiraku},
  Timestamp                = {2008.04.06}
}

@TechReport{Furuy06,
  Title                    = {Dynamic Properties of Rotationally Skew Fold Membrane for Spinning Solar Sail},
  Author                   = {H. Furuya and Y. Inoue},
  Year                     = {2006},
  Type                     = {{AIAA Paper} 2006-1980},

  Owner                    = {hiraku},
  Timestamp                = {2008.04.06}
}

@TechReport{Furuy05,
  Title                    = {Deployment Characteristics of Rotationally Skew Fold Membrane for Spinning Solar Sail},
  Author                   = {H. Furuya and Y. Inoue and T. Masuoka},
  Year                     = {2005},
  Type                     = {{AIAA Paper} 2005-2045},

  Owner                    = {hiraku},
  Timestamp                = {2008.04.06}
}

@TechReport{Furuy02,
  Title                    = {Experiments on Static Shape Control of One-Dimensional Creased Membrane by Piezoelectric Films},
  Author                   = {H. Furuya and Y. Miyazaki and Y. Akutsu},
  Year                     = {2002},
  Type                     = {{AIAA Paper} 2002--1377},

  Owner                    = {hiraku},
  Timestamp                = {2008.04.06}
}

@InProceedings{Furuy15,
  Title                    = {Deployment Experiments of Wrapping Fold Boom-Membrane Integrated Space Structures for De-Orbiting Satellites},
  Author                   = {H. Furuya and Y. Satou and H. Sakamoto and M. Takai and N. Okuizumi and M. C. Natori and A. Torisaka and T. Yokomatsu and H. Kurashige and A. Watanabe},
  Booktitle                = {30th International Symposium on Space Technology and Science},
  Year                     = {2015},

  Address                  = {Kobe, Hyogo, Japan},
  Month                    = jul,
  Number                   = {2015-c-45},

  Owner                    = {Hiraku},
  Timestamp                = {2010.01.07}
}

@PhdThesis{Gards08phd,
  Title                    = {Deployment Control of Spinning Space Webs and Membranes},
  Author                   = {M. G\"{a}rdsback},
  School                   = {Royal Institute of Technology},
  Year                     = {2008},

  Address                  = {Stockholm, Sweden},
  Month                    = nov,

  Owner                    = {hiraku},
  Timestamp                = {2010.01.12}
}

@Article{Chung08,
  Title                    = {Optimal Deployment Control of Spinning Space Webs and Membranes},
  Author                   = {M. G\"{a}rdsback and G. Tibert},
  Journal                  = {Journal of Guidance, Control, and Dynamics},
  Year                     = {2009},

  Month                    = sep # {-} # oct,
  Number                   = {5},
  Pages                    = {1519-1530},
  Volume                   = {32},

  Timestamp                = {2009.12.12}
}

@Article{Gards09-1,
  Title                    = {Deployment Control of Spinning Space Webs},
  Author                   = {M. G\"{a}rdsback and G. Tibert},
  Journal                  = {Journal of Guidance, Control, and Dynamics},
  Year                     = {2009},

  Month                    = jan # {-} # feb,
  Number                   = {1},
  Pages                    = {40-50},
  Volume                   = {32},

  Timestamp                = {2009.12.12}
}

@Article{Gards09-2,
  Title                    = {Optimal Deployment Control of Spinning Space Webs and Membranes},
  Author                   = {M. G\"{a}rdsback and G. Tibert},
  Journal                  = {Journal of Guidance, Control, and Dynamics},
  Year                     = {2009},

  Month                    = sep # {-} # oct,
  Number                   = {5},
  Pages                    = {1519-1530},
  Volume                   = {32},

  Timestamp                = {2009.12.12}
}

@Article{Gale70,
  Title                    = {Influence of Flexible Appendages on Dual-Spin Spacecraft Dynamics and Control},
  Author                   = {A. H. Gale and P. W. Likins},
  Journal                  = {Journal of Spacecraft and Rockets},
  Year                     = {1970},

  Month                    = sep,
  Number                   = {9},
  Pages                    = {1049-1056},
  Volume                   = {7},

  Timestamp                = {2010.01.08}
}

@Article{Gaspa07,
  Title                    = {Solar Sail Structural Characterization Test Program},
  Author                   = {J. L. Gaspar and T. W. Jones and D. M. Murphy},
  Journal                  = {Journal of Spacecraft and Rockets},
  Year                     = {2007},

  Month                    = jul # {-} # aug,
  Number                   = {4},
  Pages                    = {765-783},
  Volume                   = {44},

  Owner                    = {hiraku},
  Timestamp                = {2008.04.06}
}

@TechReport{Gaspa04,
  Title                    = {Development of Modal Test Techniques for Validation of a Solar Sail Design},
  Author                   = {J. L. Gaspar and T. Mann and V. Behun and W. K. Wilkie and R. Pappa},
  Year                     = {2004},
  Type                     = {{AIAA Paper} 2004--1665},

  Owner                    = {hiraku},
  Timestamp                = {2008.04.06}
}

@TechReport{Gaspa02,
  Title                    = {Membrane Vibration Studies Using a Scanning Laser Vibrometer},
  Author                   = {J. L. Gaspar and M. J. Solter and R. S. Pappa},
  Year                     = {2002},
  Month                    = feb,
  Type                     = {{NASA TM}-2002-211427},

  Owner                    = {hiraku},
  Timestamp                = {2008.04.06}
}

@Book{Gilya00,
  Title                    = {Regularization of ill-posed problems by iteration methods},
  Author                   = {S.F. Gilyazov and N.L. Gol'dman},
  Publisher                = {Dordrecht : Kluwer Academic},
  Year                     = {2000},

  Owner                    = {Hiraku},
  Timestamp                = {2013.02.16}
}

@TechReport{Glaes04,
  Title                    = {Demonstration of Dynamic Tailoring for Gossamer Structures},
  Author                   = {R. M. Glaese and G. L. Bales},
  Year                     = {2004},
  Type                     = {{AIAA Paper} 2004--1824},

  Owner                    = {hiraku},
  Timestamp                = {2008.04.06}
}

@Book{Glase98,
  Title                    = {Solar Power Satellites --- A Space Energy System for Earth},
  Author                   = {P. E. Glaser and F. P. Davidson and K. Csigi},
  Publisher                = {John Wiley and Sons},
  Year                     = {1998},
  Series                   = {Wiley-Praxis Series in Space Science and Technology},

  Owner                    = {hiraku},
  Timestamp                = {2008.04.06}
}

@TechReport{Gorin01,
  Title                    = {Distributed Localized Shape Control of Gossamer Space Structures},
  Author                   = {D. Gorinevsky and T. Hyde and C. Cabuz},
  Year                     = {2001},
  Type                     = {{AIAA Paper} 2001--1197},

  Owner                    = {hiraku},
  Timestamp                = {2008.04.06}
}

@InProceedings{Grahn01,
  Title                    = {Inflatable Solar Arrays},
  Author                   = {M. S. Grahne and E. J. Simburger},
  Booktitle                = {Gossamer Spacecraft: Membrane and Inflatable Structures Technology for Space Applications},
  Year                     = {2001},
  Editor                   = {C. H. Jenkins},
  Publisher                = {AIAA},
  Series                   = {Volume 191: Progress in Astronautics and Aeronautics},

  Chapter                  = {18},
  Owner                    = {hiraku},
  Timestamp                = {2008.04.06}
}

@TechReport{Grayb06,
  Title                    = {Deployment Modeling of an Inflatable Solar Sail Spacecraft},
  Author                   = {N. W. Graybeal and J. I. Craig and M. S. Whorton},
  Year                     = {2006},
  Type                     = {{AIAA Paper} 2006-6336},

  Timestamp                = {2010.01.08}
}

@Article{Gresc02,
  Title                    = {Design Study of a Square Solar Sail Architecture},
  Author                   = {G. Greschik and M. M. Mikulas},
  Journal                  = {Journal of Spacecraft and Rockets},
  Year                     = {2002},

  Month                    = sep # {-} # oct,
  Number                   = {5},
  Pages                    = {653--661},
  Volume                   = {39},

  Owner                    = {hiraku},
  Timestamp                = {2008.04.06}
}

@TechReport{Gresc03,
  Title                    = {On the Precisely Uniform and Uniaxial Tensioning of a Film Sheet via Integrated Catenary},
  Author                   = {G. Greschik and C. V. White and M. A. Salama},
  Year                     = {2003},
  Type                     = {{AIAA Paper} 2003--1096},

  Owner                    = {hiraku},
  Timestamp                = {2008.04.06}
}

@Book{Guent88,
  Title                    = {Partial Differential Equations of Mathematical Physics and Integral Equations},
  Author                   = {R. B. Guenther and J. W. Lee},
  Publisher                = {Dover Publications, Inc.},
  Year                     = {1988},

  Address                  = {Mineola, NY},

  Owner                    = {hiraku},
  Timestamp                = {2008.04.06}
}

@TechReport{Guerr12,
  Title                    = {Performance of a Heliogyro Blade Twist Controller with Finite Bandwidth},
  Author                   = {D. V. Guerrant and D. A. Lawrence and W. K. Wilkie},
  Year                     = {2012},
  Type                     = {{AIAA Paper} 2012-4661},

  Owner                    = {hiraku},
  Timestamp                = {2008.04.06}
}

@Conference{Guest92,
  Title                    = {Inextensional Wrapping of Flat Membranes},
  Author                   = {S. D. Guest and S. Pellegrino},
  Booktitle                = {First International Conference on Structural Morphology},
  Year                     = {1992},
  Editor                   = {R. Motro Montpellier and T. Wester},
  Month                    = {Sept.},
  Pages                    = {203--215},

  Owner                    = {Hiraku},
  Timestamp                = {2012.09.06}
}

@Article{Hanse93,
  Title                    = {Use of the L-Curve in the Regularization of Discrete Ill-Posed Problems},
  Author                   = {P. C. Hansen and D. P. O'Leary},
  Journal                  = {{SIAM} Journal on Scientific Computing},
  Year                     = {1993},
  Number                   = {6},
  Pages                    = {1487-1503},
  Volume                   = {14},

  Owner                    = {Hiraku},
  Timestamp                = {2013.02.16}
}

@TechReport{Harad03,
  Title                    = {A High Precision Surface Shape Design for Large Deployable Mesh Antenna},
  Author                   = {S. Harada and A. Meguro and M. Watanabe},
  Year                     = {2003},
  Type                     = {{AIAA Paper} 2003-1497},

  Owner                    = {Hiraku},
  Timestamp                = {2013.03.06}
}

@TechReport{Harag10,
  Title                    = {Design Criteria for Spin Deployment of Gossamer Structures Considering Nutation Dynamics},
  Author                   = {D. Haraguchi and H. Sakamoto and Y. Shirasawa and O. Mori},
  Year                     = {2010},
  Type                     = {{AIAA Paper} 2010-8072},

  Owner                    = {Hiraku},
  Timestamp                = {2010.08.16}
}

@TechReport{Heato04,
  Title                    = {Solar Sail {GN\&C} Model Comparisons},
  Author                   = {A. F. Heaton},
  Year                     = {2002},
  Type                     = {{AIAA Paper} 2004-4092},

  Owner                    = {hiraku},
  Timestamp                = {2008.04.06}
}

@Article{Hedge70,
  Title                    = {Dynamics of a Large Spin-Stiffened Deployable Paraboloidal Antenna},
  Author                   = {J. M. Hedgepeth},
  Journal                  = {Journal of Spacecraft and Rockets},
  Year                     = {1970},

  Month                    = sep,
  Number                   = {9},
  Pages                    = {1043-1048},
  Volume                   = {7},

  Timestamp                = {2010.01.08}
}

@TechReport{High03,
  Title                    = {Method of Fabricating {NASA}-Standard Macro-Fiber Composite Piezoelectric Actuators},
  Author                   = {J. W. High and W. K. Wilkie},
  Year                     = {2003},
  Month                    = jun,
  Type                     = {{NASA} {TM}-2003-212427},

  Owner                    = {hiraku},
  Timestamp                = {2008.04.06}
}

@TechReport{Higuc09,
  Title                    = {Structure of High Precision Large Deployable Reflector for Space VLBI (Very Long Baseline Interferometry)},
  Author                   = {K. Higuchi and N. Kishimoto and A. Meguro and H. Tanaka and M. Yoshihara and S. Iikura},
  Year                     = {2009},
  Type                     = {{AIAA Paper} 2009-2609},

  Owner                    = {Hiraku},
  Timestamp                = {2013.03.06}
}

@InProceedings{Hill11,
  Title                    = {Actuator Grouping Optimization on Flexible Space Reflectors},
  Author                   = {J. R. Hill and K. W. Wang and H. Fang and U. Quijano},
  Booktitle                = {Proc. SPIE 7977, Active and Passive Smart Structures and Integrated Systems},
  Year                     = {2011},

  Journal                  = {Proc. SPIE 7977},
  Owner                    = {Hiraku},
  Timestamp                = {2013.06.11}
}

@TechReport{Holla03,
  Title                    = {Investigation of Structural Dynamics in a 2-meter Square Solar Sail Model Including Axial Load Effects},
  Author                   = {D. B. Holland and L. N. Virgin and W. K. Belvin},
  Year                     = {2003},
  Type                     = {{AIAA Paper} 2003--1746},

  Owner                    = {hiraku},
  Timestamp                = {2008.04.06}
}

@Article{Hua09,
  Title                    = {Adaptive Reguralization Parameter Optimization in Output-error-based Finite Element Model Updating},
  Author                   = {X. G. Hua and Y. Q. Ni and J. M. Ko},
  Journal                  = {Mechanical Systems and Signal Processing},
  Year                     = {2009},
  Pages                    = {563-579},
  Volume                   = {23},

  Owner                    = {Hiraku},
  Timestamp                = {2013.05.18}
}

@TechReport{Huber81,
  Title                    = {The Attitude Dynamics of Explorer A},
  Author                   = {C. Hubert},
  Year                     = {1981},
  Month                    = aug,
  Type                     = {{AIAA Paper} 81-123},

  Owner                    = {hiraku},
  Timestamp                = {2010.01.12}
}

@TechReport{Inaga15,
  Title                    = {Experimental Study of Reflector Shape Control under Various Thermal Conditions},
  Author                   = {A. Inagaki and H. Sakakmoto and H. Tanaka and K. Ishimura and M. Okuma},
  Year                     = {2015},
  Type                     = {{AIAA Paper} 2015--1399},

  Owner                    = {hiraku},
  Timestamp                = {2008.04.06}
}

@Book{INCOSE15,
  Title                    = {Systems Engineering Handbook},
  Author                   = {{INCOSE}},
  Publisher                = {Wiley},
  Year                     = {2015},

  Owner                    = {Hiraku},
  Timestamp                = {2018.08.16}
}

@PhdThesis{Ishim00phd,
  Title                    = {Research on Autonomous Distributed Control Concept in Space Structures},
  Author                   = {K. Ishimura},
  School                   = {University of Tokyo, Japan},
  Year                     = {2000},
  Month                    = dec,
  Note                     = {(in Japanese)},

  Owner                    = {hiraku},
  Timestamp                = {2008.04.06}
}

@InProceedings{Ishim00,
  Title                    = {Deployment Behavior of Modularized Structures},
  Author                   = {K. Ishimura and M. C. Natori},
  Booktitle                = {Adaptive Structures and Material Systems},
  Year                     = {2000},
  Pages                    = {425--432},
  Publisher                = {ASME},
  Volume                   = {60},

  Owner                    = {hiraku},
  Timestamp                = {2008.04.06}
}

@TechReport{Ishim99,
  Title                    = {An Autonomous Distributed Control of Free-Floating Variable Geometry Trusses},
  Author                   = {K. Ishimura and M. C. Natori and K. Higuchi},
  Year                     = {1999},
  Type                     = {{AIAA Paper} 99--1535},

  Owner                    = {hiraku},
  Timestamp                = {2008.04.06}
}

@Proceedings{Iwai04,
  Title                    = {Dynamics of Membrane Deployment by Centrifugal Force},
  Year                     = {2004},

  Address                  = {Miyazaki, Japan},
  Month                    = may,
  Number                   = {{ISTS} 2004-c-12},

  Author                   = {Y. Iwai and Y. Miyazaki},
  Booktitle                = {24th International Symposium on Space Technology and Science},
  Owner                    = {hiraku},
  Timestamp                = {2008.04.06}
}

@PhdThesis{Iwasa03phd,
  Title                    = {Research on Quantitative Evaluation of Wrinkled Membranes},
  Author                   = {T. Iwasa},
  School                   = {University of Tokyo, Japan},
  Year                     = {2003},
  Month                    = dec,
  Note                     = {(in Japanese)},

  Owner                    = {hiraku},
  Timestamp                = {2008.04.06}
}

@TechReport{Iwasa04,
  Title                    = {A Spectrum Evaluation Method for Wrinkled Membranes Using Two-Dimensional Fast {Fourier} Transform},
  Author                   = {T. Iwasa and M. Jacobson and M. C. Natori},
  Year                     = {2004},
  Type                     = {{AIAA Paper} 2004--1742},

  Owner                    = {hiraku},
  Timestamp                = {2008.04.06}
}

@Article{Iwasa04asme,
  Title                    = {Evaluation of Tension Field Theory for Wrinkling Analysis with Respect to the Study of Imperfect Bifurcation},
  Author                   = {T. Iwasa and M. C. Natori and K. Higuchi},
  Journal                  = {Journal of Applied Mechanics},
  Year                     = {2004},

  Month                    = jul,
  Pages                    = {532--540},
  Volume                   = {71},

  Owner                    = {hiraku},
  Timestamp                = {2008.04.06}
}

@TechReport{Jacob04,
  Title                    = {Quantifying Square Membrane Wrinkle Behavior Using {MITC} Shell Elements},
  Author                   = {M. Jacobson and T. Iwasa and M. C. Natori},
  Year                     = {2004},
  Type                     = {{AIAA Paper} 2004--1741},

  Owner                    = {hiraku},
  Timestamp                = {2008.04.06}
}

@Article{Jaish07,
  Title                    = {Finite Element Model Updating Based on Eigenvalue and Strain Energy Redisuals Using Multiobjective Optimization Technique},
  Author                   = {B. Jaishi and W. Ren},
  Journal                  = {Mechanical Systems and Signal Processing},
  Year                     = {2007},
  Pages                    = {2295-2317},
  Volume                   = {21},

  Owner                    = {Hiraku},
  Timestamp                = {2013.05.18}
}

@Electronic{J-SSOD,
  Title                    = {JEM Small Satellite Orbital Deployer (J-SSOD)},
  Author                   = {{Japan Aerospade Exploration Agency}},
  HowPublished             = {\url{http://iss.jaxa.jp/en/kiboexp/jssod/}},
  Month                    = nov,
  Year                     = {2013},

  Owner                    = {Hiraku},
  Timestamp                = {2015.05.27}
}

@Article{Jenki96,
  Title                    = {Nonlinear dynamic response of membranes: State of the art --- Updated},
  Author                   = {C. H. Jenkins},
  Journal                  = {Applied Mechanics Review},
  Year                     = {1996},

  Month                    = oct,
  Number                   = {10},
  Pages                    = {S41--S48},
  Volume                   = {49},

  Owner                    = {hiraku},
  Timestamp                = {2008.04.06}
}

@TechReport{Jenki04,
  Title                    = {Design Considerations for an Integrated Solar Sail Diagnostics System},
  Author                   = {C. H. Jenkins and A. R. Gough and R. S. Pappa and J. Carroll and J. R. Blandino and J. J. Miles and J. Rakoczy},
  Year                     = {2004},
  Type                     = {{AIAA Paper} 2004-1510},

  Owner                    = {hiraku},
  Timestamp                = {2008.04.06}
}

@TechReport{Jenki99,
  Title                    = {Dynamics of a Seamed Precision Membranes},
  Author                   = {C. H. Jenkins and S. Kondareddy},
  Year                     = {1999},
  Type                     = {{AIAA Paper} 99-1522},

  Owner                    = {hiraku},
  Timestamp                = {2008.04.06}
}

@Article{Jenki06_jsv,
  Title                    = {Membrane vibration experiments: An historical review and recent results},
  Author                   = {Christopher H.M. Jenkins and Umesh A. Korde},
  Journal                  = {Journal of Sound and Vibration},
  Year                     = {2006},
  Pages                    = {602--613},
  Volume                   = {295},

  File                     = {MembraneExperiment2006.pdf:C\:\\Documents and Settings\\hiraku\\My Documents\\Research\\PaperDataBase\\Jenkins.C.H\\MembraneExperiment2006.pdf:PDF},
  Owner                    = {hiraku},
  Timestamp                = {2008.04.06}
}

@Article{Jenki93,
  Title                    = {Dynamic Wrinkling of Viscoelastic Membranes},
  Author                   = {C. H. Jenkins and J. W. Leonard},
  Journal                  = {Journal of Applied Mechanics},
  Year                     = {1993},

  Month                    = sep,
  Pages                    = {575--582},
  Volume                   = {60},

  Owner                    = {hiraku},
  Timestamp                = {2008.04.06}
}

@Article{Jenki91,
  Title                    = {Nonlinear dynamic response of membranes: State of the art},
  Author                   = {C. H. Jenkins and J. W. Leonard},
  Journal                  = {Applied Mechanics Review},
  Year                     = {1991},

  Month                    = jul,
  Number                   = {7},
  Pages                    = {319--328},
  Volume                   = {44},

  Owner                    = {hiraku},
  Timestamp                = {2008.04.06}
}

@TechReport{Jenki98,
  Title                    = {Improved Surface Accuracy of Precision Membrane Reflecors through Adaptive Rim Control},
  Author                   = {C. H. Jenkins and J. M. Wilkes and D. K. Marker},
  Year                     = {1998},
  Type                     = {{AIAA Paper} 98--1983},

  Owner                    = {hiraku},
  Timestamp                = {2008.04.06}
}

@TechReport{Johns02,
  Title                    = {Finite Element Analysis of Wrinkled Membrane Structures for Sunshield Applications},
  Author                   = {J. Johnston},
  Year                     = {2002},
  Type                     = {{AIAA Paper} 2002--1456},

  Owner                    = {hiraku},
  Timestamp                = {2008.04.06}
}

@TechReport{Johns01,
  Title                    = {Modeling and Analysis of Structural Dynamics for a One-Tenth Scale Model {NGST} Sunshield},
  Author                   = {J. Johnston and S. Lienard},
  Year                     = {2001},
  Type                     = {{AIAA Paper} 2001--1407j},

  Owner                    = {hiraku},
  Timestamp                = {2008.04.06}
}

@TechReport{Johns03,
  Title                    = {Thermal-Structural Analysis of Sunshield Membranes},
  Author                   = {J. Johnston and K. Parrish},
  Year                     = {2003},
  Type                     = {{AIAA Paper} 2003-1904},

  Owner                    = {hiraku},
  Timestamp                = {2008.04.06}
}

@TechReport{Johns04,
  Title                    = {Analytical and Experimental Characterization of Gravity Induced Deformations In Subscale Gossamer Structures},
  Author                   = {J. D. Johnston and J. R. Blandino and K. C. McEvoy},
  Year                     = {2004},
  Type                     = {{AIAA Paper} 2004-1817},

  Owner                    = {hiraku},
  Timestamp                = {2008.04.06}
}

@TechReport{Jones04,
  Title                    = {Validation of Laser-Induced Fluorescent Photogrammetric Targets on Membrane Structures},
  Author                   = {T. W. Jones and A. A. Dorrington and M. R. Shortis and A. R. Hendricks},
  Year                     = {2004},
  Type                     = {{AIAA Paper} 2004--1663},

  Owner                    = {hiraku},
  Timestamp                = {2008.04.06}
}

@Article{Kalay91,
  Title                    = {Approximate Solution for Vibrations of Deploying Appendages},
  Author                   = {S. Kalaycioglu and A. K. Misra},
  Journal                  = {Journal of Guidance},
  Year                     = {1991},

  Month                    = mar # {-} # apr,
  Number                   = {2},
  Pages                    = {287--293},
  Volume                   = {14},

  Owner                    = {hiraku},
  Timestamp                = {2009.04.02}
}

@Article{Kang97,
  Title                    = {Finite Element Analysis of Wrinkling Membranes},
  Author                   = {S. Kang and S. Im},
  Journal                  = {Journal of Applied Mechanics},
  Year                     = {1997},

  Month                    = jun,
  Pages                    = {263--269},
  Volume                   = {64},

  Owner                    = {hiraku},
  Timestamp                = {2008.04.06}
}

@Book{Kapla76,
  Title                    = {Modern Spacecraft Dynamics and Control},
  Author                   = {M. H. Kaplan},
  Publisher                = {John Wiley \& Sons, Inc.},
  Year                     = {1976},

  Owner                    = {hiraku},
  Timestamp                = {2010.01.11}
}

@InProceedings{Kawag08,
  Title                    = {Worlds First Solar Power Sail Demonstration Flight in Interplanetary Cruise in 2010},
  Author                   = {J. Kawaguchi and O. Mori and Y. Tsuda and T. Yamamoto and R. Funase and H. Sawada and Y. Kawakatsu and M. Morimoto},
  Booktitle                = {59th International Astronautical Congress},
  Year                     = {2008},

  Address                  = {Glasgow, UK},
  Month                    = sep,
  Number                   = {IAC-08-A3.6.15},

  Timestamp                = {2010.01.07}
}

@Article{Kaya09,
  Title                    = {Rocket Experiment on Microwave Power Transmission with Furoshiki Deployment},
  Author                   = {N. Kaya and M. Iwashita and K. Tanaka and S. Nakasuka and L. Summerer},
  Journal                  = {Acta Astronautica},
  Year                     = {2009},
  Note                     = {\verb+doi:10.1016/j.actaastro.2009.01.055+},
  Pages                    = {202--205},
  Volume                   = {65},

  Owner                    = {hiraku},
  Timestamp                = {2010.01.12}
}

@Patent{Klepp12,
  Title                    = {Rigid Body Property Identification Device and Rigid Body Property Identification Method},
  Nationality              = {Japan},
  Number                   = {2012-018092},
  Year                     = {2012},
  Assignee                 = {Tokyo Institute of Technology},
  Author                   = {R. Klepper and M. Okuma},
  Day                      = {26},
  Dayfiled                 = {26},
  Language                 = {Japanese},
  Month                    = jan,
  Note                     = {Japan Patent Kokai No. 2012-018092},

  Owner                    = {Hiraku},
  Timestamp                = {2013.02.21}
}

@Book{Kondo93,
  Title                    = {Theory of Vibration},
  Author                   = {K. Kondo},
  Publisher                = {Baifu-kan},
  Year                     = {1993},

  Address                  = {Tokyo, Japan},
  Month                    = may,
  Note                     = {(in Japanese)},

  Owner                    = {hiraku},
  Timestamp                = {2008.04.06}
}

@Book{Konis08,
  Title                    = {Methods in Computational Statistics, --Bootstrap, EM algorithm, MCMC--},
  Author                   = {S. Konishi and M. Ochi and Y. Omori},
  Publisher                = {Asakura Publishing},
  Year                     = {2008},
  Note                     = {(in Japanese)},

  Owner                    = {Hiraku},
  Timestamp                = {2011.04.26}
}

@TechReport{Kukat03,
  Title                    = {Nonlinear Vibration of Wrinkled Membranes},
  Author                   = {S. Kukathasan and S. Pellegrino},
  Year                     = {2003},
  Type                     = {{AIAA Paper} 2003--1747},

  Owner                    = {hiraku},
  Timestamp                = {2008.04.06}
}

@Article{Kuo06,
  Title                    = {New Methods for Finite Element Model Updating Problems},
  Author                   = {Y. C. Kuo and W. W. Lin and S. Xu},
  Journal                  = {AIAA Journal},
  Year                     = {2006},

  Month                    = jun,
  Number                   = {6},
  Pages                    = {1310-1316},
  Volume                   = {44},

  Owner                    = {Hiraku},
  Timestamp                = {2013.02.16}
}

@InProceedings{Kuwah11,
  Title                    = {A Sail Deployment Mechanism for Active Prevention and Reduction of Space Debris},
  Author                   = {T. Kuwahara and K. Yoshida and Y. Sakamoto and Y. Tomioka and K. Fukuda and Y. Tanabe and M. Fukuyama},
  Booktitle                = {62nd International Astronautical Congress},
  Year                     = {2011},

  Address                  = {Capte Town, South Africa},
  Month                    = oct,
  Number                   = {{IAC}-11-A6.4.7},

  Owner                    = {Hiraku},
  Timestamp                = {2010.01.07}
}

@Article{Lake02,
  Title                    = {A Rationale for Defining Structural Requirement for Large Space Telescopes},
  Author                   = {M. S. Lake and L. D. Peterson and M. B. Levine},
  Journal                  = {Journal of Spacecraft and Rockets},
  Year                     = {2002},

  Month                    = sep # {-} # oct,
  Number                   = {5},
  Pages                    = {674-681},
  Volume                   = {39},

  Owner                    = {hiraku},
  Timestamp                = {2008.04.06}
}

@TechReport{Lang67,
  Title                    = {Simulation of Deployment Dynamics of Spinning Spacecraft},
  Author                   = {W. E. Lang and G. H. Honeycutt},
  Year                     = {1967},
  Month                    = {aug},
  Type                     = {{NASA TN} {D}-4974},

  Owner                    = {hiraku},
  Timestamp                = {2009.04.02}
}

@Article{Lappa07jsr,
  Title                    = {Microsolar Sails for Earth Magnetotail Monitoring},
  Author                   = {V. Lappas and B. Wie and C. McInnes and L. Tarabini and L. Gomes and K. Wallace},
  Journal                  = {Journal of Spacecraft and Rockets},
  Year                     = {2007},

  Month                    = jul # {-} # aug,
  Number                   = {4},
  Pages                    = {840--848},
  Volume                   = {44},

  Owner                    = {hiraku},
  Timestamp                = {2009.04.02}
}

@TechReport{Laue04,
  Title                    = {Innovative Structural Design Features for a 10m Solar Sail Demonstrator},
  Author                   = {G. Laue and J. Moore and W. Clayton},
  Year                     = {2004},
  Type                     = {{AIAA Paper} 2004--1508},

  Owner                    = {hiraku},
  Timestamp                = {2008.04.06}
}

@InProceedings{Lawre01,
  Title                    = {Electromagnetic Testing of Thin Metallized Materials},
  Author                   = {R. W. Lawrence and R. L. Cravey},
  Booktitle                = {Gossamer Spacecraft: Membrane and Inflatable Structures Technology for Space Applications},
  Year                     = {2001},
  Editor                   = {C. H. Jenkins},
  Publisher                = {AIAA},
  Series                   = {Volume 191: Progress in Astronautics and Aeronautics},

  Chapter                  = {13},
  Owner                    = {hiraku},
  Timestamp                = {2008.04.06}
}

@TechReport{LeFev06,
  Title                    = {Attitude Dynamics and Stability of Solar Sails During Deployment},
  Author                   = {B. D. LeFevre and R. Jha},
  Year                     = {2006},
  Type                     = {{AIAA Paper} 2006-1704},

  Timestamp                = {2010.01.08}
}

@TechReport{Leife03_1,
  Title                    = {Prediction of Wrinkle Amplitudes in Thin Film Membranes Using Finite Element Modeling},
  Author                   = {J. Leifer and W. K. Belvin},
  Year                     = {2003},
  Type                     = {{AIAA Paper} 2003--1983},

  Owner                    = {hiraku},
  Timestamp                = {2008.04.06}
}

@TechReport{Leife03_2,
  Title                    = {Evaluation of Shear Compliant Borders for Wrinkle Reduction in Thin Film Membrane Structures},
  Author                   = {J. Leifer and J. T. Black and W. K. Belvin and W. Behun},
  Year                     = {2003},
  Type                     = {{AIAA Paper} 2003--1984},

  Owner                    = {hiraku},
  Timestamp                = {2008.04.06}
}

@Article{Leigh03,
  Title                    = {Dynamic Characterization of an Inflatable Concentrator for Solar Thermal Propulsion},
  Author                   = {L. M. Leigh and M. L. Tinker},
  Journal                  = {Journal of Spacecraft and Rockets},
  Year                     = {2003},

  Month                    = jan # {-} # feb,
  Number                   = {1},
  Pages                    = {24--27},
  Volume                   = {40},

  Owner                    = {hiraku},
  Timestamp                = {2008.04.06}
}

@Article{Li07,
  Title                    = {Load Updating for Nonlinear Finite Element Models},
  Author                   = {J. Li and R. K. Kapania},
  Journal                  = {AIAA Journal},
  Year                     = {2007},

  Month                    = jul,
  Number                   = {7},
  Pages                    = {1444-1458},
  Volume                   = {45},

  Owner                    = {Hiraku},
  Timestamp                = {2013.02.16}
}

@Article{Li95,
  Title                    = {Application o a Unified Matrix Polynominal Approach to Perturbed Boundary Condition Testing},
  Author                   = {S. Li and D. L. Brown},
  Journal                  = {Mechanical Systems and Signal Processing},
  Year                     = {1995},
  Number                   = {1},
  Pages                    = {77-84},
  Volume                   = {9},

  Owner                    = {Hiraku},
  Timestamp                = {2013.05.06}
}

@TechReport{Licho03,
  Title                    = {Inflatably Deployed Membrane Waveguide Array Antenna for Space},
  Author                   = {D. Lichodziejewski and R. Cravey and G. Hopkins},
  Year                     = {2003},
  Type                     = {{AIAA Paper} 2003--1649},

  Owner                    = {hiraku},
  Timestamp                = {2008.04.06}
}

@TechReport{Liena01,
  Title                    = {Dynamic Testing of a Subscale Sunshield for the Next Generation Space Telescope {(NGST)}},
  Author                   = {S. Lienard and J. D. Johnston and B. Ross and J. Smith},
  Year                     = {2001},
  Type                     = {{AIAA Paper} 2001-1268},

  Owner                    = {hiraku},
  Timestamp                = {2008.04.06}
}

@TechReport{Lin00,
  Title                    = {An Inflatable Microstrip Reflectarray Concept for {K}a-Band Applications},
  Author                   = {J. K. Lin and D. P. Cadogan and J. H. Huang and V. A. Feria},
  Year                     = {2000},
  Type                     = {{AIAA Paper} 2000-1831},

  Owner                    = {hiraku},
  Timestamp                = {2008.04.06}
}

@TechReport{Lin03,
  Title                    = {Advanced Precipitation Radar Antenna Singly Curved Parabolic Antenna Reflector Development},
  Author                   = {J. K. Lin and G. H. Sapna III and S. E. Scarborough and B. C. Lopez},
  Year                     = {2003},
  Type                     = {{AIAA Paper} 2003--1651},

  Owner                    = {hiraku},
  Timestamp                = {2008.04.06}
}

@Article{Liu01,
  Title                    = {Large Deflection Analysis of Pneumatic Envelopes Using a Penalty Papameter Modified Material Model},
  Author                   = {X. Liu and C. H. Jenkins and W. W. Schur},
  Journal                  = {Finite Elements in Analysis and Design},
  Year                     = {2001},
  Pages                    = {233--251},
  Volume                   = {37},

  Owner                    = {hiraku},
  Timestamp                = {2008.04.06}
}

@Book{Locat01,
  Title                    = {Piezo-actuated Adaptive Structures for Vibration Damping and Shape Control --- Modeling and Testing},
  Author                   = {G. Locatelli},
  Publisher                = {VDI Verlag},
  Year                     = {2001},

  Address                  = {D\"usseldorf, Germany},

  Owner                    = {hiraku},
  Timestamp                = {2008.04.06}
}

@Article{Longm76,
  Title                    = {Dynamics of Flexible Spinning Satellites with Radial Wire Antennas},
  Author                   = {R. W. Longman and J. V. Fedor},
  Journal                  = {Acta Astronautica},
  Year                     = {1976},
  Number                   = {1--2},
  Pages                    = {17--37},
  Volume                   = {3},

  Owner                    = {hiraku},
  Timestamp                = {2010.01.12}
}

@TechReport{Lopez01,
  Title                    = {Development of an Inflatable SAR Engineering Model},
  Author                   = {B. C. Lopez and M. C. Lou and J. Huang and W. Edelstein},
  Year                     = {2001},
  Type                     = {{AIAA Paper} 2001--1618},

  Owner                    = {hiraku},
  Timestamp                = {2008.04.06}
}

@TechReport{Lou98,
  Title                    = {Development of an Inflatable Space Synthetic Aperture Radar},
  Author                   = {M. C. Lou and V. A. Feria and J. Huang},
  Year                     = {1998},
  Type                     = {{AIAA Paper} 98-2103},

  Owner                    = {hiraku},
  Timestamp                = {2008.04.06}
}

@Proceedings{Lou01,
  Title                    = {Radar Applications},
  Year                     = {2001},
  Editor                   = {C. H. Jenkins},
  Publisher                = {AIAA},
  Series                   = {Volume 191: Progress in Astronautics and Aeronautics},

  Author                   = {M. C. Lou and J. Huang and V. A. Feria},
  Booktitle                = {Gossamer Spacecraft: Membrane and Inflatable Structures Technology for Space Applications},
  Chapter                  = {17},
  Owner                    = {hiraku},
  Timestamp                = {2008.04.06}
}

@Article{Lu01,
  Title                    = {Finite Element Analysis of Membrane Wrinkling},
  Author                   = {K. Lu and M. Accorsi and J. Leonard},
  Journal                  = {International Journal for Numerical Method in Engineering},
  Year                     = {2001},
  Pages                    = {1017--1038},
  Volume                   = {50},

  Owner                    = {hiraku},
  Timestamp                = {2008.04.06}
}

@TechReport{MacNe69,
  Title                    = {Heliogyro Solar Sailer Summary Report},
  Author                   = {R. H. MacNeal and J. M. Hedgepeth and H. U. Schuerch},
  Year                     = {1969},
  Month                    = jun,
  Type                     = {{NASA CR}-1329},

  Owner                    = {hiraku},
  Timestamp                = {2008.04.06}
}

@TechReport{Main98,
  Title                    = {Maintenance of Inflated Structure Shape Using Electron Gun Controlled Piezoelectric Materials},
  Author                   = {J. A. Main and J. Martin},
  Year                     = {1998},
  Type                     = {{AIAA Paper} 98--1982},

  Owner                    = {hiraku},
  Timestamp                = {2008.04.06}
}

@Article{Maji04,
  Title                    = {Shape Correction of Inflatable Membranes by Rigidization and Actuation},
  Author                   = {A. Maji and P. Montemerlo and T. Ng},
  Journal                  = {Journal of Spacecraft and Rockets},
  Year                     = {2004},

  Month                    = jul # {-} # aug,
  Number                   = {4},
  Pages                    = {558--563},
  Volume                   = {41},

  Owner                    = {hiraku},
  Timestamp                = {2008.04.06}
}

@Book{Maksi02,
  Title                    = {Dynamical inverse problems of distributed systems},
  Author                   = {V. I. Maksimov},
  Publisher                = {Utrecht},
  Year                     = {2002},

  Owner                    = {Hiraku},
  Timestamp                = {2013.02.16}
}

@Article{Malli11,
  Title                    = {Quasi-Static Folding and Deployment of Ultrathin Composite Tape-Spring Hinges},
  Author                   = {H. M. Mallikarachchi and S. Pellegrino},
  Journal                  = {Journal of Spacecraft and Rockets},
  Year                     = {2011},

  Month                    = jan # {--} # feb,
  Number                   = {1},
  Pages                    = {187--198},
  Volume                   = {48},

  Owner                    = {Hiraku},
  Timestamp                = {2011.10.07}
}

@Book{Marwa10,
  Title                    = {Finite-element-model Updating Using Computational Intelligence Techniques},
  Author                   = {T. Marwala},
  Publisher                = {Springer},
  Year                     = {2010},

  Owner                    = {Hiraku},
  Timestamp                = {2011.08.16}
}

@Article{McInn99Ch1,
  Title                    = {Introduction to Solar Sailing},
  Author                   = {C. R. McInnes},
  Journal                  = {Solar Sailing},
  Year                     = {1999},
  Note                     = {{Chapter 1, Springer-Verlag, London}},
  Pages                    = {1--31},

  Address                  = {Chichester, UK},
  Editor                   = {J. Mason},
  Owner                    = {Hiraku},
  Publisher                = {Praxis Publishing},
  Series                   = {Springer Praxis Books in Astronautical Engineering},
  Timestamp                = {2009.12.12}
}

@Book{McInn99,
  Title                    = {Solar Sailing: Technology, Dynamics and Mission Applications},
  Author                   = {C. R. McInnes},
  Publisher                = {Springer-Verlag},
  Year                     = {1999},

  Address                  = {New York},
  Note                     = {Chapter 2},

  Owner                    = {hiraku},
  Timestamp                = {2008.04.06}
}

@Article{McInn98,
  Title                    = {Passive Control of Displaced Solar Sail Orbits},
  Author                   = {C. R. McInnes},
  Journal                  = {Journal of Guidance, Control, and Dynamics},
  Year                     = {1998},

  Month                    = nov # {-} # dec,
  Number                   = {6},
  Pages                    = {975-982},
  Volume                   = {21},

  Owner                    = {hiraku},
  Timestamp                = {2008.04.06}
}

@Article{Mcken08,
  Title                    = {Modelling of Tethered Space-web Structures},
  Author                   = {D. J. Mckenzie and M. P. Cartmell},
  Journal                  = {Journal of the British Interplanetary Society},
  Year                     = {2008},
  Pages                    = {24--31},
  Volume                   = {61},

  Owner                    = {hiraku},
  Timestamp                = {2010.01.23}
}

@InProceedings{Megur03,
  Title                    = {An Ultra-light Large Antenna Reflector for Communication Satellites},
  Author                   = {A. Meguro and S. Harada and M. Watanabe},
  Booktitle                = {??th International Astronautical Congress of the International Astronautical Federation},
  Year                     = {2003},

  Address                  = {Bremen, Germany},
  Month                    = oct,
  Number                   = {IAC-03-I.1.06},

  Owner                    = {Hiraku},
  Timestamp                = {2013.03.05}
}

@Article{Megur06,
  Title                    = {Study on Ground Verification for Large Deployable Modular Structures},
  Author                   = {A. Meguro and H. Ishikawa and A. Tsujihata},
  Journal                  = {Journal of Spacecraft and Rockets},
  Year                     = {2006},

  Month                    = jul # {--} # aug,
  Number                   = {4},
  Pages                    = {780--787},
  Volume                   = {43},

  Owner                    = {Hiraku},
  Timestamp                = {2011.08.16}
}

@Article{Megur09,
  Title                    = {In-Orbit Deployment Characteristics of Large Deployable Antenna Reflector Onboard Engineering Test Statellite VIII},
  Author                   = {A. Meguro and K. Shintake and M. Usui and A. Tsujihata},
  Journal                  = {Acta Astronautica},
  Year                     = {2009},
  Pages                    = {1306--1316},
  Volume                   = {65},

  Owner                    = {Hiraku},
  Timestamp                = {2011.08.16}
}

@Book{Meiro97,
  Title                    = {Principales and Techniques of Vibrations},
  Author                   = {L. Meirovitch},
  Publisher                = {Prentice Hall},
  Year                     = {1997},

  Address                  = {Upper Saddle River, NJ},

  Chapter                  = {7},
  Owner                    = {hiraku},
  Timestamp                = {2008.04.06}
}

@Article{Meiro74,
  Title                    = {Bounds on the Extension of Antennas for Stable Spinning Satellites},
  Author                   = {L. Meirovitch},
  Journal                  = {Journal of Spacecraft},
  Year                     = {1974},
  Number                   = {3},
  Pages                    = {202--204},
  Volume                   = {11},

  Owner                    = {hiraku},
  Timestamp                = {2008.08.18}
}

@TechReport{Mejia09,
  Title                    = {Experimantal and Numerical Analysis of a Concentrated Strain Deployable Truss of Solid Rods},
  Author                   = {J. M. Mejia-Ariza},
  Year                     = {2009},
  Type                     = {{AIAA Paper} 2009-2693},

  Timestamp                = {2010.01.08}
}

@Book{Melni98,
  Title                    = {Large Space Structures Formed by Centrifugal Forces},
  Author                   = {V. M. Melnikov and V. A. Koshelev},
  Editor                   = {P. Kleber},
  Publisher                = {Gordon and Breach Science Publishers},
  Year                     = {1998},

  Address                  = {Amsterdam},
  Series                   = {Earth Space Institute Book Series},
  Volume                   = {4},

  Timestamp                = {2009.12.12}
}

@Article{Melni98Ch3,
  Title                    = {Deployment Dynamics and Repackaging},
  Author                   = {V. M. Melnikov and V. A. Koshelev},
  Journal                  = {Large Space Structures Formed by Centrifugal Forces},
  Year                     = {1998},
  Note                     = {{Chapter 3, Gordon and Breach Science Publishers, Amsterdam, The Netherlands}},
  Pages                    = {21--61},
  Volume                   = {4},

  Address                  = {Amsterdam},
  Editor                   = {P. Kleber},
  Owner                    = {Hiraku},
  Publisher                = {Gordon and Breach Science Publishers},
  Series                   = {Earth Space Institute Book Series},
  Timestamp                = {2009.12.12}
}

@InProceedings{Melni05,
  Title                    = {Design of Frameless SA Deployed by Centrifugal Forces and Its Deployment Mechanism as a Basis of New Technology of In-Orbit Power Plant Assembling},
  Author                   = {V. M. Melnikov and K. M. Pichkhadze},
  Booktitle                = {56th International Astronautical Congress},
  Year                     = {2005},

  Address                  = {Paris, France},
  Month                    = oct,
  Organization             = {International Astronautical Federation},
  Pages                    = {3972-3977},
  Volume                   = {6, IAC-05-C2.P.01},

  Timestamp                = {2010.01.07}
}

@Article{Menga05_1,
  Title                    = {Optimal Three-Dimensional Interplanetary Rendezvous Using Nonideal Solar Sail},
  Author                   = {G. Mengali and A. A. Quarta},
  Journal                  = {Journal of Guidance, Control, and Dynamics},
  Year                     = {2005},

  Month                    = jan # {-} # feb,
  Number                   = {1},
  Pages                    = {173-177},
  Volume                   = {28},

  Owner                    = {hiraku},
  Timestamp                = {2008.04.06}
}

@TechReport{Mettl02,
  Title                    = {Solar Sail Dynamics and Control Using a Boom Mounted Bus Articulated by a Bi-State Two-Axis Gimbal and Reaction Wheels},
  Author                   = {E. Mettler and S. R. Ploen},
  Year                     = {2002},
  Type                     = {{AIAA Paper} 2002-4992},

  Owner                    = {hiraku},
  Timestamp                = {2008.04.06}
}

@TechReport{Meyer04,
  Title                    = {Zero- and One-g Comparison of Ripple Amplitude in Single-Curved Parabolic Membranes using Photogrammetry},
  Author                   = {C. G. Meyer and J. Leifer and B. C. Lopez and D. C. Jones and B. C. Caddell},
  Year                     = {2004},
  Type                     = {{AIAA Paper} 2004--1736},

  Owner                    = {hiraku},
  Timestamp                = {2008.04.06}
}

@TechReport{Mikul64,
  Title                    = {Behavior of a Flat Stretched Membrane Wrinkled by the Rotation of an Attached Hub},
  Author                   = {M. M. Mikulas},
  Year                     = {1964},
  Month                    = sep,
  Type                     = {{NASA TN D}-2456},

  Owner                    = {hiraku},
  Timestamp                = {2008.04.06}
}

@TechReport{Mikul03,
  Title                    = {Rapid Structural Assessment Approach For Square Solar Sails Including Edge Support Cords},
  Author                   = {M. M. Mikulas and A. L. Adler},
  Year                     = {2003},
  Type                     = {{AIAA Paper} 2003--1447},

  Owner                    = {hiraku},
  Timestamp                = {2008.04.06}
}

@Article{Mille89,
  Title                    = {A Traveling Wave Approach to Power Flow in Structural Networks},
  Author                   = {D. W. Miller and A. vonFlotow},
  Journal                  = {Journal of Sound and Vibration},
  Year                     = {1989},
  Number                   = {1},
  Pages                    = {145-162},
  Volume                   = {128},

  Owner                    = {hiraku},
  Timestamp                = {2008.04.06}
}

@Article{Mille82,
  Title                    = {An Algorithm for Finite Element Analysis of Partly Wrinkled Membranes},
  Author                   = {R. K. Miller and J. M. Hedgepeth},
  Journal                  = {{AIAA} Journal},
  Year                     = {1982},

  Month                    = dec,
  Number                   = {12},
  Pages                    = {1761--1763},
  Volume                   = {20},

  Owner                    = {hiraku},
  Timestamp                = {2008.04.06}
}

@TechReport{Mitsu87,
  Title                    = {Preliminary Evaluation of the Spinning Planer Solar Sail},
  Author                   = {J. Mitsugi and M. Natori and K. Miura},
  Year                     = {1987},
  Type                     = {{AIAA Paper} 87--0742},

  Owner                    = {hiraku},
  Timestamp                = {2008.04.06}
}

@Article{Mitsu91,
  Title                    = {Nonlinear Static and Dynamic Analysis Method of Cable Structures},
  Author                   = {J. Mitsugi and T. Yasaka},
  Journal                  = {AIAA Journal},
  Year                     = {1991},

  Month                    = jan,
  Pages                    = {150-152},
  Volume                   = {29},

  Owner                    = {Hiraku},
  Timestamp                = {2013.03.06}
}

@Article{Miura90,
  Title                    = {Concept of the Tension Truss Antenna},
  Author                   = {K. Miura and Y. Miyazaki},
  Journal                  = {AIAA Journal},
  Year                     = {1990},

  Month                    = jun,
  Number                   = {6},
  Pages                    = {1098-1104},
  Volume                   = {28},

  Owner                    = {Hiraku},
  Timestamp                = {2013.02.16}
}

@Article{Miura85,
  Title                    = {{2-D} Array Experiment on Board a {Space Flyer Unit}},
  Author                   = {K. Miura and M. Natori},
  Journal                  = {Space Solar Power Review},
  Year                     = {1985},
  Pages                    = {345--356},
  Volume                   = {5},

  Owner                    = {hiraku},
  Timestamp                = {2008.04.06}
}

@Article{Miyam00,
  Title                    = {Wrinkling on Stretched Circular Membrane Under In-plane Torsion: Bifurcation Analyses and Experiments},
  Author                   = {T. Miyamura},
  Journal                  = {Engineering Structures},
  Year                     = {2000},
  Pages                    = {1407--1425},
  Volume                   = {23},

  Owner                    = {hiraku},
  Timestamp                = {2008.04.06}
}

@Article{Miyaz05,
  Title                    = {Wrinkle/Slack Model and Finite Element Dynamics of Membrane},
  Author                   = {Y. Miyazaki},
  Journal                  = {International Journal for Numerical Methods in Engineering},
  Year                     = {2006},

  Month                    = may,
  Number                   = {7},
  Pages                    = {1179--1209},
  Volume                   = {66},

  Owner                    = {hiraku},
  Timestamp                = {2008.04.06}
}

@Article{Miyaz03,
  Title                    = {A Formulation of Geometrical Constraint in Energy Momentum Method},
  Author                   = {Y. Miyazaki},
  Journal                  = {Theoretical and Applied Mechanics Japan},
  Year                     = {2003},

  Month                    = nov,
  Pages                    = {211--221},
  Volume                   = {52},

  Owner                    = {hiraku},
  Timestamp                = {2008.08.18}
}

@InProceedings{Miyaz04_astro,
  Title                    = {Dynamics Modeling of Solar Sail Membrane},
  Author                   = {Y. Miyazaki and Y. Iwai},
  Booktitle                = {13th Workshop on {JAXA} Astrodynamics and Flight Mechanics},
  Year                     = {2004},

  Address                  = {Kanagawa, Japan},
  Month                    = jul,
  Number                   = {A-6},

  Owner                    = {hiraku},
  Timestamp                = {2008.04.06}
}

@Article{Miyaz04,
  Title                    = {Formulation and Interpretation of the Equation of Motion on the Basis of the Energy-Momentum Method},
  Author                   = {Y. Miyazaki and T. Kodama},
  Journal                  = {Journal of Multi-body Dynamics},
  Year                     = {2004},
  Pages                    = {1--7},
  Volume                   = {218},

  Owner                    = {hiraku},
  Timestamp                = {2008.04.06}
}

@InProceedings{Miyaz98,
  Title                    = {Dynamic Analysis of Deployable Cable-Membrane Structures with Slackening Members},
  Author                   = {Y. Miyazaki and Y. Nakamura},
  Booktitle                = {21st International Symposium on Space Technology and Science},
  Year                     = {1998},

  Address                  = {Omiya, Japan},
  Month                    = may,
  Number                   = {{ISTS} 98-b-13},

  Owner                    = {hiraku},
  Timestamp                = {2008.04.06}
}

@TechReport{Miyaz11,
  Title                    = {Conserving Finite Element Dynamics of Gossamer Structure and Its Application to Spinning Solar Sail ``{IKAROS}''},
  Author                   = {Y. Miyazaki and Y. Shirasawa and O. Mori and H. Sawada and N. Okuizumi and H. Sakamoto and S. Matunaga and H. Furuya and M. C. Natori},
  Year                     = {2011},
  Type                     = {{AIAA Paper} 2011-2181},

  Owner                    = {hiraku},
  Timestamp                = {2008.04.06}
}

@TechReport{Miyaz02,
  Title                    = {Deployment Dynamics of Inflatable Tube},
  Author                   = {Y. Miyazaki and M. Uchiki},
  Year                     = {2002},
  Type                     = {{AIAA Paper} 2002--1254},

  Owner                    = {hiraku},
  Timestamp                = {2008.04.06}
}

@TechReport{Mobre03,
  Title                    = {Methods of Analysing Surface Accuracy of Large Antenna Sturctures Due to Manufacturing Tolerances},
  Author                   = {M. Mobrem},
  Year                     = {2003},
  Type                     = {{AIAA Paper} 2003-1453},

  Owner                    = {Hiraku},
  Timestamp                = {2013.03.06}
}

@Article{Modi84,
  Title                    = {A General Formulation for Librational Dynamics of Spacecraft with Deploying},
  Author                   = {V. J. Modi and A. M. Ibrahim},
  Journal                  = {Jornal of Guidance},
  Year                     = {1984},

  Month                    = sep # {-} # oct,
  Number                   = {5},
  Pages                    = {563--569},
  Volume                   = {7},

  Owner                    = {hiraku},
  Timestamp                = {2009.04.02}
}

@TechReport{Montg04,
  Title                    = {The Development of Solar Sail Propulsion for {NASA} Science Missions to the Inner Solar System},
  Author                   = {E. E. Montgomery and L. Johnson},
  Year                     = {2004},
  Type                     = {{AIAA Paper} 2004-1506},

  Owner                    = {hiraku},
  Timestamp                = {2008.04.06}
}

@TechReport{Moore98,
  Title                    = {Evaluation of Catenary Suspension for Reducing Shape Errors in Inflated Solar Concentrators},
  Author                   = {J. D. Moore and J. Bishop},
  Year                     = {1998},
  Type                     = {{AIAA Paper} 98-1985},

  Owner                    = {hiraku},
  Timestamp                = {2008.04.06}
}

@TechReport{Morga04,
  Title                    = {Shaping of Parabolic Cylindrical Membrane Reflectors for the {DART} Precision Test Bed},
  Author                   = {R. Morgan and G. S. Agnes and M. Dragovan and D. Barber and M. Marcin and C. White and J. Dooley and A. Hatheway},
  Year                     = {2004},
  Type                     = {{AIAA Paper} 2004--1661},

  Owner                    = {hiraku},
  Timestamp                = {2008.04.06}
}

@InProceedings{Mori10,
  Title                    = {World's First Demonstration of Solar Power Sailing by IKAROS},
  Author                   = {O. Mori and \rm{et al.}},
  Booktitle                = {2nd International Symposium on Solar Sailing},
  Year                     = {2010},

  Address                  = {Brooklyn, NY},
  Month                    = jul,

  Owner                    = {Hiraku},
  Timestamp                = {2010.01.07}
}

@InProceedings{Mori06,
  Title                    = {Asymmetric Deployment Dynamics of Large Membrane},
  Author                   = {O. Mori and S. Nishimaki and M. Matsumoto and A. Iwakura and M. Arakawa and S. Okada and Y. Shibasaki and Y. Shirasawa and F. Hanaoka and M. Sugita},
  Booktitle                = {16th Workshop on {JAXA} Astrodynamics and Flight Mechanics},
  Year                     = {2006},

  Address                  = {Shizuoka, Japan},
  Month                    = jul,
  Number                   = {C-17},

  Timestamp                = {2010.01.07}
}

@InProceedings{Mori09ists,
  Title                    = {First Solar Power Sail Demonstration by {IKAROS}},
  Author                   = {O. Mori and H. Sawada and R. Funase and M. Morimoto and T. Endo and T. Yamamoto and Y. Tsuda and Y. Kawakatsu and J. Kagaguchi},
  Booktitle                = {27th International Symposium on Space Technology and Science},
  Year                     = {2009},

  Address                  = {Tsukuba, Ibaraki, Japan},
  Month                    = jul,
  Number                   = {{ISTS} 2009-o-4-07v},

  Owner                    = {hiraku},
  Timestamp                = {2010.01.19}
}

@Article{Mori09,
  Title                    = {Development of Deployment System for Small Size Solar Sail Mission},
  Author                   = {O. Mori and H. Sawada and F. Hanaoka and J. Kawaguchi and Y. Shirasawa and M. Sugita and Y. Miyazaki and H. Sakamoto and R. Funase},
  Journal                  = {Trans. JSASS Space Technology Japan},
  Year                     = {2009},
  Pages                    = {Pd\_87--Pd\_94},
  Volume                   = {7},

  Owner                    = {hiraku},
  Timestamp                = {2010.01.07}
}

@InProceedings{Mori08,
  Title                    = {Development of Deployment System for Small Size Solar Sail Mission},
  Author                   = {O. Mori and H. Sawada and F. Hanaoka and J. Kawaguchi and Y. Shirasawa and M. Sugita and Y. Miyazaki and H. Sakamoto and R. Funase},
  Booktitle                = {26th International Symposium on Space Technology and Science},
  Year                     = {2008},

  Address                  = {Kanagawa, Japan},
  Month                    = jun,
  Number                   = {2008-d-57},

  Timestamp                = {2010.01.07}
}

@InProceedings{Mori07,
  Title                    = {Deployment Demonstration of Supersized Membrane for Spinning Solar Sail},
  Author                   = {O. Mori and H. Sawada and Y. Tsuda and R. Funase and J. Kawaguchi and F. Hanaoka and M. Matsumoto and S. Okada and Y. Shibasaki and Y. Shirasawa and A. Kitajima and M. Hirabayashi and Y. Miwa and S. Triwant and M. Arakawa and M. Sugita},
  Booktitle                = {17th Workshop on {JAXA} Astrodynamics and Flight Mechanics},
  Year                     = {2007},

  Address                  = {Kanagawa, Japan},
  Month                    = jul,
  Number                   = {B-20},

  Timestamp                = {2010.01.07}
}

@Article{Mori12,
  Title                    = {Deployment and Steering Dynamics of Spinning Solar Sail ``{IKAROS}''},
  Author                   = {O. Mori and Y. Shirasawa and Y. Miyazaki. Sakamoto and M. Hasome and N. Okuizumi, and H. Sawada, and H. Furuya, and S. Matunaga, and M. Natori, and Y. Tsuda, and T. Saiki, and R. Funase, and Y. Mimasu, and J. Kawaguchi},
  Journal                  = {Journal of Aerospace Eingeering, Sciences and Applications},
  Year                     = {2012},

  Month                    = oct # {--} # dec,
  Number                   = {4},
  Pages                    = {79--96},
  Volume                   = {IV},

  Owner                    = {Hiraku},
  Timestamp                = {2014.07.11}
}

@InProceedings{Mori04,
  Title                    = {Deployment Dynamics of Clover Type Solar Sail},
  Author                   = {O. Mori and Y. Tsuda and Y. Nishimura and J. Kawaguchi},
  Booktitle                = {14th Workshop on {JAXA} Astrodynamics and Flight Mechanics},
  Year                     = {2004},

  Address                  = {Kanagawa, Japan},
  Month                    = jul,
  Number                   = {A-5},

  Timestamp                = {2010.01.07}
}

@Article{Morit92,
  Title                    = {Dynamical Analysis of the Deployable Wire and Probe Antenna Systems aborad the Dual-Spin Satellite {GEOTAIL}},
  Author                   = {Y. Morita and M. Hinada and A. Kitsui and Y. Takemoto},
  Journal                  = {Acta Astronautica},
  Year                     = {1992},
  Number                   = {8--10},
  Pages                    = {611--619},
  Volume                   = {26},

  Owner                    = {hiraku},
  Timestamp                = {2010.01.22}
}

@InProceedings{Morit02,
  Title                    = {Localized Vibration Control: Theory and Demonstration},
  Author                   = {Y. Morita and K. C. Park},
  Booktitle                = {23rd International Symposium on Space Technology and Science},
  Year                     = {2002},

  Address                  = {Matsue, Japan},
  Month                    = may,
  Number                   = {{ISTS} 2002-d-58},

  Owner                    = {hiraku},
  Timestamp                = {2008.04.06}
}

@Article{Motte96,
  Title                    = {Geometric Parameters for Finite Element Model Updating of Joints and Constraints},
  Author                   = {J. E. Mottershead and M. I. Friswell and G. H. Ng and J. A. Brandon},
  Journal                  = {Mechanical Systems and Signal Processing},
  Year                     = {1996},
  Number                   = {2},
  Pages                    = {171-182},
  Volume                   = {10},

  Owner                    = {Hiraku},
  Timestamp                = {2013.05.18}
}

@Article{Motte11,
  Title                    = {The Sensitivity Method in Finite Element Model Updating: A Tutorial},
  Author                   = {J. E. Mottershead and M. Link and M. I. Friswell},
  Journal                  = {Mechanical Systems and Signal Processing},
  Year                     = {2011},
  Pages                    = {2275--2296},
  Volume                   = {25},

  Owner                    = {Hiraku},
  Timestamp                = {2012.04.16}
}

@TechReport{Murphey02,
  Title                    = {A Method to Quantify the Trust Degradation Effects of Structural Wrinkles in Solar Sails},
  Author                   = {T. Murphey and D. Murphy and M. Mikulas and A. L. Adler},
  Year                     = {2002},
  Type                     = {{AIAA Paper} 2002--1560},

  Owner                    = {hiraku},
  Timestamp                = {2008.04.06}
}

@TechReport{Murph12,
  Title                    = {{MegaFlex} -- The Scaling Potential of {UltraFlex} Technology},
  Author                   = {D. M. Murphy},
  Year                     = {2012},
  Type                     = {{AIAA Paper} 2012-1581},

  Owner                    = {hiraku},
  Timestamp                = {2008.04.06}
}

@Article{Murph07,
  Title                    = {Validation of Scalable Solar Sailcraft System},
  Author                   = {D. M. Murphy},
  Journal                  = {Journal of Spacecraft and Rockets},
  Year                     = {2007},

  Month                    = jul # {-} # aug,
  Number                   = {4},
  Pages                    = {797--808},
  Volume                   = {44},

  Owner                    = {hiraku},
  Timestamp                = {2008.04.06}
}

@TechReport{Murph04,
  Title                    = {Demonstration of a 10-m Solar Sail System},
  Author                   = {D. M. Murphy and B. D. Macy and J. L. Gaspar},
  Year                     = {2004},
  Type                     = {{AIAA Paper} 2004--1576},

  Owner                    = {hiraku},
  Timestamp                = {2008.04.06}
}

@Article{Murph03,
  Title                    = {Scalable Solar-Sail Subsystem Design Concept},
  Author                   = {D. M. Murphy and T. W. Murphey and P. A. Gierow},
  Journal                  = {Journal of Spacecraft and Rockets},
  Year                     = {2003},

  Month                    = jul # {-} # aug,
  Number                   = {4},
  Pages                    = {539-547},
  Volume                   = {40},

  Owner                    = {hiraku},
  Timestamp                = {2008.04.06}
}

@MastersThesis{Nakam06,
  Title                    = {Research on Accuracy of Large Deformation Analysis Using Particle-System Approximation},
  Author                   = {F. Nakamura},
  School                   = {University of Tokyo},
  Year                     = {2006},
  Note                     = {(in Japanese)},

  Owner                    = {hiraku},
  Timestamp                = {2008.05.02}
}

@TechReport{Nakan05,
  Title                    = {Stability of Spinning Solar Sail-Craft Containing a Huge Membranes},
  Author                   = {T. Nakano and O. Mori and J. Kawaguchi},
  Year                     = {2005},
  Type                     = {{AIAA Paper} 2005-6182},

  Timestamp                = {2010.01.07}
}

@Proceedings{Nakan05_astro,
  Title                    = {Stability of Spinning Solar Sailcraft Containing a Huge Membrane},
  Year                     = {2005},

  Address                  = {Kanagawa, Japan},
  Month                    = jul,
  Number                   = {B-6},

  Author                   = {T. Nakano and O. Mori and Junishiro Kwaguchi},
  Booktitle                = {14th Workshop on {JAXA} Astrodynamics and Flight Mechanics},
  Owner                    = {hiraku},
  Timestamp                = {2008.04.06}
}

@PhdThesis{Nakas02,
  Title                    = {Research on Theoretical Methods for Structures Consist of Membranes and Cables},
  Author                   = {K. Nakashino},
  School                   = {University of Tokyo, Japan},
  Year                     = {2002},
  Month                    = sep,
  Note                     = {(in Japanese)},

  Owner                    = {hiraku},
  Timestamp                = {2008.04.06}
}

@TechReport{Nakas03,
  Title                    = {Efficient Modification Scheme of Stress-Strain Tensor for Finite Element Analysis of Wrinkled Membranes},
  Author                   = {K. Nakashino and M. C. Natori},
  Year                     = {2003},
  Type                     = {{AIAA Paper} 2003--1981},

  Owner                    = {hiraku},
  Timestamp                = {2008.04.06}
}

@Article{Nakas01,
  Title                    = {``{F}uroshiki Satellite'' -- A Large Membrane Structure As A Novel Space System},
  Author                   = {S. Nakasuka and T. Aoki and I. Ikeda and Y. Tsuda and Y. Kawakatsu},
  Journal                  = {Acta Astronautica},
  Year                     = {2001},
  Number                   = {5--12},
  Pages                    = {461--468},
  Volume                   = {48},

  Owner                    = {hiraku},
  Timestamp                = {2008.04.06}
}

@Article{Nakas06-2,
  Title                    = {Sounding Rocket Flight Experiment for Demonstrating Furoshiki Satellite for Large Phased Array Antenna},
  Author                   = {S. Nakasuka and T. Funane and Y. Nakamura and Y. Nojira and H. Sahara and F. Sasaki and N. Kaya},
  Journal                  = {Acta Astronautica},
  Year                     = {2006},
  Note                     = {\verb+doi:10.1016/j.actaastro.2006.02.014+},
  Number                   = {1-5},
  Pages                    = {200-205},
  Volume                   = {59},

  Timestamp                = {2010.01.08}
}

@Article{Nakas06-1,
  Title                    = {Large Membrane Furoshiki Satellite Applied to Phased Array Antenna and Its Sounding Rocket Experiment},
  Author                   = {S. Nakasuka and R. Funase and K. Nakada and N. Kaya and J. C. Mankins},
  Journal                  = {Acta Astronautica},
  Year                     = {2006},
  Note                     = {\verb+doi:10.1016/j.actaastro.2005.12.010+},
  Number                   = {8},
  Pages                    = {395-400},
  Volume                   = {58},

  Timestamp                = {2010.01.08}
}

@Article{Nalit92,
  Title                    = {A Mass or Stiffness Addition Technique for Structural Parameter Updating},
  Author                   = {N. G. Nalitolela and J. E. Penny and M. I. Friswell},
  Journal                  = {International Journal of Analytical and Experimental Modal Analysis},
  Year                     = {1992},

  Month                    = jul,
  Number                   = {3},
  Pages                    = {157-168},
  Volume                   = {7},

  Owner                    = {Hiraku},
  Timestamp                = {2013.02.21}
}

@Proceedings{Nator86,
  Title                    = {Instability of a Rotating Blade Subjected to Solar Radiation Pressure},
  Year                     = {1989},

  Address                  = {Mobile, AL},
  Month                    = apr,
  Note                     = {{AIAA Paper} 89-1210-{CP}},

  Author                   = {M. Natori and S. Memat-Nasser and J. Mitsugi},
  Booktitle                = {30th {AIAA/ASME/ASCE/AHS/ASC} Structures, Structural Dynamics, and Material Conference},
  Owner                    = {hiraku},
  Pages                    = {468--475},
  Timestamp                = {2008.04.06}
}

@InProceedings{Nator89,
  Title                    = {Vibration Control of Membrane Space Structures through the Change of Support Tension},
  Author                   = {M. Natori and K. Miura and K. Ichida and F. Kuwao},
  Booktitle                = {40th Congress of the International Astronautical Federation},
  Year                     = {1989},

  Address                  = {Malaga, Spain},
  Month                    = oct,
  Number                   = {IAF-89-335},

  Owner                    = {hiraku},
  Timestamp                = {2008.04.06}
}

@InProceedings{Nator06,
  Title                    = {Particle System Approximation for Dynamic Behavior of Membranes},
  Author                   = {M.C. Natori and F. Nakamura and N. Okuizumi},
  Booktitle                = {25th International Symposium on Space Technology and Science},
  Year                     = {2006},

  Address                  = {Kanazawa, Ishikawa, Japan},
  Month                    = jun,
  Number                   = {{ISTS} 2006-c-11},

  Owner                    = {hiraku},
  Timestamp                = {2008.05.02}
}

@TechReport{Nator02sdm,
  Title                    = {A Structure Concept of High Precision Mesh Antenna for Space {VLBI} Observation},
  Author                   = {M. C. Natori and H. Hirabayashi and N. Okuizumi and S. Iikura and N. Nakamura},
  Year                     = {2002},
  Type                     = {{AIAA Paper} 2002--1359},

  Owner                    = {hiraku},
  Timestamp                = {2008.04.06}
}

@TechReport{Nator13,
  Title                    = {Deployable Membrane Structures with Rolled-up Booms and Their Deployment Characteristics},
  Author                   = {M. C. Natori and N. Katsumata and N. Okuizumi and A. Watanabe and H. Yamakawa},
  Year                     = {2013},
  Type                     = {{AIAA Paper} 2013--1596},

  Owner                    = {hiraku},
  Timestamp                = {2008.04.06}
}

@TechReport{Nator08,
  Title                    = {Morphological Concept on Efficient Space Structures with Deployable and/or Adaptive Functions},
  Author                   = {M. C. Natori and K. Kishimoto and H. Watanabe and K. Higuchi},
  Year                     = {2008},
  Type                     = {{AIAA Paper} 2008--2211},

  Owner                    = {hiraku},
  Timestamp                = {2008.04.06}
}

@TechReport{Nator95,
  Title                    = {Two-Dimensionally Deployable High Voltage {(2D/HV)} Solar Cell Array Experiment in Space},
  Author                   = {M. C. Natori and H. Kuninaka and K. Higuchi and Y. Kawai and S. Ikegami},
  Year                     = {1995},
  Type                     = {{AIAA Paper} 95--1512},

  Owner                    = {hiraku},
  Timestamp                = {2008.04.06}
}

@InProceedings{Nator97,
  Title                    = {In-orbit Deployment and Post Flight Analysis of the {2D} Array On-board {SFU}},
  Author                   = {M. C. Natori and H. Kuninaka and K. Higuchi and T. Onodera},
  Booktitle                = {48th International Astronautical Congress},
  Year                     = {1997},

  Address                  = {Turin, Italy},
  Month                    = oct,
  Number                   = {IAF-97-I.1.01},

  Owner                    = {hiraku},
  Timestamp                = {2008.04.06}
}

@TechReport{Nator93,
  Title                    = {Design and Development of a Deployable Mesh Antenna for {MUSES-B} Spacecraft},
  Author                   = {M. C. Natori and T. Takano and T. Inoue and T. Noda},
  Year                     = {1993},
  Type                     = {{AIAA Paper} 93-1460},

  Owner                    = {Hiraku},
  Timestamp                = {2013.03.06}
}

@TechReport{Nator98,
  Title                    = {Ground Adjustment Procedure of a Deployable High Accuracy Mesh Antenna for Space {VLBI} Mission},
  Author                   = {M. C. Natori and T. Takano and T. Noda and T. Tashima and M. Tabata},
  Year                     = {1998},
  Type                     = {{AIAA Paper} 98-1923},

  Owner                    = {Hiraku},
  Timestamp                = {2013.03.06}
}

@TechReport{Nator98_mission,
  Title                    = {In-orbit Deployment of a High Precision Mesh Antenna System for Space {VLBI} Mission},
  Author                   = {M. C. Natori and T. Takano and A. Ohnishi and K. Miyoshi and T. Inoue and M. Tabata and K. Kondo},
  Year                     = {1998},
  Type                     = {{AIAA Paper} 98-1837},

  Owner                    = {Hiraku},
  Timestamp                = {2013.03.06}
}

@InProceedings{Nator02,
  Title                    = {A Modular Large Membrane Structure System and its Dynamic Behavior in Orbit},
  Author                   = {M. C. Natori and N. Takeichi and T. Matsui and K. Ishimura},
  Booktitle                = {53rd International Astronautical Congress},
  Year                     = {2002},

  Address                  = {Houston, TX},
  Month                    = oct,
  Number                   = {{IAC} 02-I.2.04},

  Owner                    = {hiraku},
  Timestamp                = {2008.04.06}
}

@InProceedings{Nator07,
  Title                    = {Folding Patterns of Deployable Membrane Space Structures Considering Their Thickness Effects},
  Author                   = {M. C. Natori and H. Watanabe and N. Kishimoto and K. Higuchi},
  Booktitle                = {18th International Conference of Adaptive Structures and Technologies},
  Year                     = {2007},

  Address                  = {Ottawa, Ontario, Canada},
  Month                    = oct,

  Owner                    = {hiraku},
  Timestamp                = {2010.01.19}
}

@Misc{Nella02,
  Title                    = {Next Generation Space Telescope {(NGST)} Observatory Architecture and Performance},

  Author                   = {J. Nella and P. Atcheson and C. Atkinson and D. Au and M. Blair and A. Bronowicki and D. Fitzgerald and J. Heidenga and P. Linghtsey and T. Kelly and G. Matthews and J. Pohner and P. Reynolds and D. Shuckstes and S. Texter and D. Waldie and R. Whitley},
  Month                    = nov,
  Note                     = {The Space Telescope Science Institute (STScI): http://www.stsci.edu/jwst/},
  Year                     = {2002},

  Owner                    = {hiraku},
  Timestamp                = {2008.04.06},
  Type                     = {Northrop Grumman SPIE article}
}

@Proceedings{Nishi06_astro,
  Title                    = {A Study on Attitude Control of Spinning Solar Sailcraft},
  Year                     = {2006},

  Address                  = {Kanagawa, Japan},
  Month                    = jul,
  Number                   = {C-19},

  Author                   = {S. Nishimaki and T. Nakano and O. Mori and Junishiro Kwaguchi},
  Booktitle                = {15th Workshop on {JAXA} Astrodynamics and Flight Mechanics},
  Owner                    = {hiraku},
  Timestamp                = {2008.04.06}
}

@InProceedings{Nishi04,
  Title                    = {The Deployment Experiment of Solar Sail with a Sounding Rocket},
  Author                   = {Y. Nishimura and Y. Tsuda and O. Mori and J. Kawaguchi},
  Booktitle                = {55th International Astronautical Congress},
  Year                     = {2004},

  Address                  = {Vancouver, Canada},
  Month                    = oct,
  Number                   = {IAC-04-IAF-A.5.10},

  Timestamp                = {2010.01.07}
}

@TechReport{NASASE16,
  Title                    = {{NASA} Systems Engineering Handbook, Rev 2},
  Author                   = {{Office of the Chief Engineer}},
  Institution              = {{NASA}},
  Year                     = {2016},
  Number                   = {SP-2016-6105},

  Owner                    = {Hiraku},
  Timestamp                = {2018.08.16}
}

@TechReport{Ogi08,
  Title                    = {Dynamics of a Spin-Axis Extending Shaft of Thin-Walled Open Cross-Section},
  Author                   = {Y. Ogi and K. Higuchi},
  Year                     = {2008},
  Type                     = {{AIAA Paper} 2008-1955},

  Timestamp                = {2010.01.08}
}

@Article{Okuiz09,
  Title                    = {Vibration Mode Analysis of a Rotating Circular Membrane under Transverse Distributed Load},
  Author                   = {N. Okuizumi},
  Journal                  = {Journal of System Design and Dynamics},
  Year                     = {2009},
  Number                   = {1},
  Pages                    = {95-106},
  Volume                   = {3},

  Timestamp                = {2010.01.08}
}

@TechReport{Okuiz07,
  Title                    = {Deformations and Vibrations of a Rotating Circular Membrane under Distributed Loads},
  Author                   = {N. Okuizumi},
  Year                     = {2007},
  Type                     = {{AIAA Paper} 2007-1803},

  Owner                    = {hiraku},
  Timestamp                = {2008.04.06}
}

@TechReport{Okuiz11,
  Title                    = {Small-scale Experiments and Simulations of Centrifugal Membrane Deployment of Solar Sailcraft ``IKAROS''},
  Author                   = {N. Okuizumi and A. Muta and S. Matsunaga and H. Sakamoto and Y. Shirasawa and O. Mori},
  Year                     = {2011},
  Type                     = {{AIAA Paper} 2011-1888},

  Owner                    = {hiraku},
  Timestamp                = {2008.04.06}
}

@Article{Okuiz09jse,
  Title                    = {Centrifugal Deployment of Memebrane with Spiral Folding: Experiment and Simulation},
  Author                   = {N. Okuizumi and T. Yamamoto},
  Journal                  = {Journal of Space Engineering},
  Year                     = {2009},
  Number                   = {1},
  Pages                    = {41--50},
  Volume                   = {2},

  Owner                    = {hiraku},
  Timestamp                = {2010.01.11}
}

@TechReport{Onoda04,
  Title                    = {A Preliminary Investigation of a Spin-Stabilized Solar Sail},
  Author                   = {J. Onoda and S. Takeuchi and Y. Aoki},
  Year                     = {2004},
  Type                     = {{AIAA Paper} 2004--1511},

  Owner                    = {hiraku},
  Timestamp                = {2008.04.06}
}

@InProceedings{Palme06,
  Title                    = {Space Webs Based on Rotating Tethered Formations},
  Author                   = {G. B. Palmerini and S. Sgubini and M. Sabatini},
  Booktitle                = {Proceedings of the 57th International Astronautical Congress},
  Year                     = {2006},

  Address                  = {Paris},
  Month                    = oct,
  Organization             = {International Astronautical Federation},
  Pages                    = {6819-6828},
  Volume                   = {10, IAC-06-D1.1.04},

  Timestamp                = {2010.01.07}
}

@Article{Pappa03_2,
  Title                    = {Dot-Projection Photogrammetry and Videogrammetry of Gossamer Space Structures},
  Author                   = {R. S. Pappa and J. T. Black and J. R. Blandino and T. W. Jones and P. M. Danehy and A. A. Dorrington},
  Journal                  = {Journal of Spacecraft and Rockets},
  Year                     = {2003},
  Note                     = {also {NASA TM}-2003-212146},
  Number                   = {6},
  Pages                    = {858--867},
  Volume                   = {40},

  Owner                    = {hiraku},
  Timestamp                = {2008.04.06}
}

@TechReport{Pappa04,
  Title                    = {Optical Diagnostic System for Solar Sail: Phase 1 Final Report},
  Author                   = {R. S. Pappa and J. R. Blandino and D. W. Caldwell and J. A. Carroll and C. H. Jenkins and T. C. Pollock},
  Year                     = {2004},
  Month                    = dec,
  Type                     = {{NASA TM}-2004-213511},

  Owner                    = {hiraku},
  Timestamp                = {2008.04.06}
}

@Article{Pappa01,
  Title                    = {Photogrammetry of a 5m Inflatable Space Anttena with Consumer-Grade Digital Cameras},
  Author                   = {R. S. Pappa and L. R. Giersch and J. M. Quagliaroli},
  Journal                  = {Experimental Techniques},
  Year                     = {2001},
  Note                     = {also {NASA-TM}-2000-210627},
  Number                   = {4},
  Pages                    = {21--29},
  Volume                   = {25},

  Owner                    = {hiraku},
  Timestamp                = {2008.04.06}
}

@Article{Pappa02,
  Title                    = {Photogrammetry Methodology Development for Gossamer Spacecraft Structures},
  Author                   = {R. S. Pappa and T. W. Jones and J. T. Black and A. Walford and S. Robson and M. R. Shortis},
  Journal                  = {Sound and Vibration},
  Year                     = {2002},

  Month                    = aug,
  Note                     = {also {AIAA Paper} 2002-1375},
  Number                   = {8},
  Pages                    = {12--21},
  Volume                   = {36},

  Owner                    = {hiraku},
  Timestamp                = {2008.04.06}
}

@Article{Pappa03,
  Title                    = {Structural Dynamics Experimental Activities in Ultralightweight and Inflatable Space Structures},
  Author                   = {R. S. Pappa and J. O. Lassiter and B. P. Ross},
  Journal                  = {Journal of Spacecraft and Rockets},
  Year                     = {2003},

  Month                    = jan # {-} # feb,
  Number                   = {1},
  Pages                    = {15--23},
  Volume                   = {40},

  Owner                    = {hiraku},
  Timestamp                = {2008.04.06}
}

@Article{Park00_2,
  Title                    = {A Variation Principle for the Formulation of Partitioned Structural Systems},
  Author                   = {K. C. Park and C. A. Felippa},
  Journal                  = {International Journal of Engineering},
  Year                     = {2000},
  Pages                    = {395--418},
  Volume                   = {47},

  Owner                    = {hiraku},
  Timestamp                = {2008.04.06}
}

@Article{Park00,
  Title                    = {A Localized Version of the Method of {Lagrange} Multipliers and its Applications},
  Author                   = {K. C. Park and C. A. Felippa and U. A. Gumaste},
  Journal                  = {Computational Mechanics},
  Year                     = {2000},
  Pages                    = {476--490},
  Volume                   = {24},

  Owner                    = {hiraku},
  Timestamp                = {2008.04.06}
}

@TechReport{Park98,
  Title                    = {A Theory of Localized Vibration Control via Partitioned {LQR} Synthesis},
  Author                   = {K. C. Park and N. Kim},
  Year                     = {1998},
  Month                    = sep,
  Type                     = {{CU-CAS}-98-13, {Center for Aerospace Structures}, {University of Colorado at Boulder}},

  Owner                    = {hiraku},
  Timestamp                = {2008.04.06}
}

@Article{Parlo05,
  Title                    = {Sensitivitiy-based Operational Mode Shape Normalization -- Application to a Bridge},
  Author                   = {E. Parloo and B. Cauberghe and F. Benedittini and R. Alaggio and P. Guillaume},
  Journal                  = {Mechanical Systems and Signal Processing},
  Year                     = {2005},
  Pages                    = {43-55},
  Volume                   = {19},

  Owner                    = {Hiraku},
  Timestamp                = {2013.05.06}
}

@TechReport{Peng04,
  Title                    = {Active Control of Inflatable Structure Membrane Wrinkles Using Genetic Algorithm and Neural Network},
  Author                   = {F. Peng and Y. R. Hu and A. Ng},
  Year                     = {2004},
  Type                     = {{AIAA Paper} 2004--1827},

  Owner                    = {hiraku},
  Timestamp                = {2008.04.06}
}

@InProceedings{Perry01,
  Title                    = {Solar Shades},
  Author                   = {C. Perrygo},
  Booktitle                = {Gossamer Spacecraft: Membrane and Inflatable Structures Technology for Space Applications},
  Year                     = {2001},
  Editor                   = {C. H. Jenkins},
  Publisher                = {AIAA},
  Series                   = {Volume 191: Progress in Astronautics and Aeronautics},

  Chapter                  = {20},
  Owner                    = {hiraku},
  Timestamp                = {2008.04.06}
}

@Article{Pipki94,
  Title                    = {Relaxed Energy Densities for Large Deformations of Membranes},
  Author                   = {A. C. Pipkin},
  Journal                  = {{IMA} Journal of Applied Mathematics},
  Year                     = {1994},
  Pages                    = {297--308},
  Volume                   = {52},

  Owner                    = {hiraku},
  Timestamp                = {2008.04.06}
}

@Article{Pipki93,
  Title                    = {Relaxed Energy Densities for Small Deformations of Membranes},
  Author                   = {A. C. Pipkin},
  Journal                  = {{IMA} Journal of Applied Mathematics},
  Year                     = {1993},
  Pages                    = {225--237},
  Volume                   = {50},

  Owner                    = {hiraku},
  Timestamp                = {2008.04.06}
}

@Article{Pipki86,
  Title                    = {The Relaxed Energy Density of Isotropic Elastic Membranes},
  Author                   = {A. C. Pipkin},
  Journal                  = {{IMA} Journal of Applied Mathematics},
  Year                     = {1986},
  Pages                    = {85--99},
  Volume                   = {36},

  Owner                    = {hiraku},
  Timestamp                = {2008.04.06}
}

@Book{Prile00,
  Title                    = {Methods for solving inverse problems in mathematical physics},
  Author                   = {A. I. Prilepko and D. G. Orlovsky and I. A. Vasin},
  Publisher                = {Marcel Dekker},
  Year                     = {2000},

  Owner                    = {Hiraku},
  Timestamp                = {2013.02.16}
}

@Article{Psiak00,
  Title                    = {Rapid Energy Dissipation in a Yo-Yo-Type Wire Boom Deployment System},
  Author                   = {M. L. Psiaki and P. M. Kintner and S. P. Powell},
  Journal                  = {Journal of Guidance, Control, and Dynamics},
  Year                     = {2000},

  Month                    = may # {-} # jun,
  Note                     = {\verb+doi: 10.2514/2.4554+},
  Number                   = {3},
  Pages                    = {483-490},
  Volume                   = {23},

  Timestamp                = {2009.12.12}
}

@Article{Psiak05,
  Title                    = {Practical Design and Flight Test of a Yo-Yo Wire-Boom Deployment System},
  Author                   = {M. L. Psiaki and S. P. Powell and E. M. Klatt and P. M. Kintner},
  Journal                  = {Journal of Guidance, Control, and Dynamics},
  Year                     = {2005},

  Month                    = jan # {-} # feb,
  Note                     = {\verb+doi: 10.2514/1.2165+},
  Number                   = {1},
  Pages                    = {85-95},
  Volume                   = {28},

  Timestamp                = {2009.12.12}
}

@Article{Ren05,
  Title                    = {A Singular Value Decomposition Based Truncation Algorithms in Solving the Structural Damage Equation},
  Author                   = {W. X. Ren},
  Journal                  = {Acta Mechanica Solida Sinica},
  Year                     = {2005},
  Number                   = {2},
  Pages                    = {181-188},
  Volume                   = {18},

  Owner                    = {Hiraku},
  Timestamp                = {2013.05.18}
}

@Article{RiosR05,
  Title                    = {Generalized Model for Solar Sails},
  Author                   = {L. Rios-Reyes and D. J. Scheeres},
  Journal                  = {Journal of Spacecraft and Rockets},
  Year                     = {2005},

  Month                    = jan # {-} # feb,
  Number                   = {1},
  Pages                    = {182-185},
  Volume                   = {42},

  Owner                    = {hiraku},
  Timestamp                = {2008.04.06}
}

@Article{Rodde91,
  Title                    = {Finite-Element Analysis of Wrinkling Membranes},
  Author                   = {D. G. Roddeman},
  Journal                  = {Communications in Applied Mechanical Methods},
  Year                     = {1991},
  Pages                    = {299--307},
  Volume                   = {7},

  Owner                    = {hiraku},
  Timestamp                = {2008.04.06}
}

@Article{Rodde87_2,
  Title                    = {The Wrinkling of Thin Membranes: {Part} {II} --- Numerical Analysis},
  Author                   = {D. G. Roddeman and J. Drukker and C. W. J. Oomens and J. D. Janssen},
  Journal                  = {Journal of Applied Mechanics},
  Year                     = {1987},

  Month                    = dec,
  Pages                    = {888--892},
  Volume                   = {54},

  Owner                    = {hiraku},
  Timestamp                = {2008.04.06}
}

@TechReport{Roger02,
  Title                    = {Active Axisymmetric Optical Membranes},
  Author                   = {J. W. Rogers and G. S. Agnes},
  Year                     = {2002},
  Type                     = {{AIAA Paper} 2002--1450},

  Owner                    = {hiraku},
  Timestamp                = {2008.04.06}
}

@Book{Rosea87,
  Title                    = {Vibrations in Mechanical Systems},
  Author                   = {M. Roseau},
  Publisher                = {Springer-Verlag},
  Year                     = {1987},

  Address                  = {Berlin, Germany},

  Owner                    = {hiraku},
  Timestamp                = {2008.04.06}
}

@TechReport{Ross02,
  Title                    = {Parametric Study of the Effect of Membrane Tension on Sunshield Dynamics},
  Author                   = {B. Ross and J. D. Johnston and J. Smith},
  Year                     = {2002},
  Type                     = {{AIAA Paper} 2002-1459},

  Owner                    = {hiraku},
  Timestamp                = {2008.04.06}
}

@Article{Russe02,
  Title                    = {Electron, Proton and Ultraviolet Radiation Effects on Thermophysical Properties of Polymeric Films},
  Author                   = {D. A. Russell and J. W. Connell and L. B. Fogdall},
  Journal                  = {Journal of Spacecraft and Rockets},
  Year                     = {2002},

  Month                    = nov # {-} # dec,
  Number                   = {6},
  Pages                    = {833--838},
  Volume                   = {39},

  Owner                    = {hiraku},
  Timestamp                = {2008.04.06}
}

@InProceedings{Sakam15cansat,
  Title                    = {Lessons Learned in Student CanSat Development Contest Envisioning Future Engineering Systems},
  Author                   = {H. Sakakamoto and Y. Nakamura},
  Booktitle                = {Proc.~34th International Symposium on Space Technology and Science},
  Year                     = {2015},
  Number                   = {2015-t-19},

  Owner                    = {Hiraku},
  Timestamp                = {2018.08.16}
}

@Unpublished{Sakam04_comp,
  Title                    = {Dynamic Wrinkle Reduction Strategies for Membrane Space Structures},
  Author                   = {H. Sakamoto},
  Note                     = {PhD thesis proposal for comprehensive examination},

  Month                    = apr,
  Year                     = {2004},

  Owner                    = {hiraku},
  Timestamp                = {2008.04.06}
}

@PhdThesis{Sakam04phd,
  Title                    = {Dynamic Wrinkle Reduction Strategies for Membrane Structures},
  Author                   = {H. Sakamoto},
  School                   = {University of Colorado},
  Year                     = {2004},
  Month                    = dec,

  Owner                    = {hiraku},
  Timestamp                = {2008.04.06}
}

@MastersThesis{Sakam01mast,
  Title                    = {Research on the Concept of Redundancy in Space Inflatable Structures},
  Author                   = {H. Sakamoto},
  School                   = {University of Tokyo, Japan},
  Year                     = {2001},
  Month                    = mar,
  Note                     = {(in Japanese)},

  Owner                    = {hiraku},
  Timestamp                = {2008.04.06}
}

@Article{Sakam14cansat,
  Title                    = {Systems Engineering Education through Students: CanSat Project Interacting with Young Professional Engineers},
  Author                   = {H. Sakamoto and T. Miura and K. Kawaguchi and T. Kamiya and H. Akagi and K. Akiyama and Y. Okada and N. Kohtake and S. Shirasaka},
  Journal                  = {Transactions of Japan Society for Aeronautical and Space Sciences, Aerospace Technology Japan},
  Year                     = {2014},
  Number                   = {ists29},
  Pages                    = {11--17},
  Volume                   = {12},

  Booktitle                = {Proc.~of 33rd International Symposium on Space Technology and Science},
  Owner                    = {Hiraku},
  Timestamp                = {2018.08.16}
}

@Article{Sakam12jsr,
  Title                    = {Transient Dynamic Analysis of Gossamer-Appendage Deployment Using Nonlinear Finite Element Method},
  Author                   = {H. Sakamoto and Y. Miyazaki and O. Mori},
  Journal                  = {Journal of Spacecraft and Rockets},
  Year                     = {2012},

  Month                    = sept # {-} # oct,
  Number                   = {5},
  Pages                    = {881--890},
  Volume                   = {48},

  Owner                    = {hiraku},
  Timestamp                = {2009.04.02}
}

@InProceedings{Nakan17,
  author    = {H. Nakanishi and H. Sakamoto and H. Furuya and M. Yamazaki and Y. Miyazaki and A. Watanabe and K. Watanabe and A. Torisaka-Kayaba and M. Oda},
  title     = {Development of Nano-Satellite OrigamiSat-1 with Highly Functional Deployable Membrane},
  booktitle = {4th International Symposium on Solar Sailing},
  year      = {2017},
  owner     = {hiraku},
  timestamp = {2010.01.19},
}

@Article{Sakam07,
  Title                    = {Finite Element Modeling of Sail Deformation under Solar Radiation Pressure},
  Author                   = {H. Sakamoto and Y. Miyazaki and K. C. Park},
  Journal                  = {Journal of Spacecraft and Rockets},
  Year                     = {2007},

  Month                    = may # {-} # jun,
  Number                   = {3},
  Pages                    = {514--521},
  Volume                   = {44},

  Owner                    = {hiraku},
  Timestamp                = {2009.04.02}
}

@TechReport{Shimo17,
  author    = {Y. Shimoda and K. Watanabe and N. Sakamoto and T. Kuratomi and N. Hidaka and M. Ogawa and H. Sakamoto and H. Nakanishi},
  title     = {Development of Stereo Camera System for Accurate Observation of Deployable Membranes Onboard CubeSat},
  year      = {2017},
  type      = {{AIAA Paper} 2017-0167},
  owner     = {hiraku},
  timestamp = {2008.04.06},
}

@TechReport{Sakam03,
  Title                    = {Evaluation of Cable Suspended Membrane Structures for Wrinkle-Free Design},
  Author                   = {H. Sakamoto and Y. Miyazaki and K. C. Park},
  Year                     = {2003},
  Type                     = {{AIAA Paper} 2003--1905},

  Owner                    = {hiraku},
  Timestamp                = {2008.04.06}
}

@Article{Sakam14acta,
  Title                    = {Folding Patterns of Planer Gossamer Space Structures Conconsisting of Membranes and Booms},
  Author                   = {H. Sakamoto and M. C. Natori and S. Kadonishi and Y. Satou and Y. Shirasawa and N. Okuizumi and O. Mori and H. Furuya and M. Okuma},
  Journal                  = {Acta Astronautica},
  Year                     = {2014},
  Pages                    = {34--41},
  Volume                   = {94},

  Owner                    = {Hiraku},
  Timestamp                = {2019.08.13}
}

@Article{Sakam02,
  Title                    = {Deflection of Multicellular Inflatable Tubes for Redundant Space Structures},
  Author                   = {H. Sakamoto and M. C. Natori and Y. Miyazaki},
  Journal                  = {Journal of Spacecraft and Rockets},
  Year                     = {2002},

  Month                    = sep # {-} # oct,
  Number                   = {5},
  Pages                    = {695-700},
  Volume                   = {39},

  Owner                    = {hiraku},
  Timestamp                = {2008.04.06}
}

@TechReport{Sakam05_double,
  Title                    = {Advanced Cable Boundary Layer Design in Membrane Structures for Dynamic Wrinkle Reduction},
  Author                   = {H. Sakamoto and K. C. Park},
  Year                     = {2005},
  Type                     = {{AIAA Paper} 2005-1973},

  Owner                    = {hiraku},
  Timestamp                = {2008.04.06}
}

@TechReport{Sakam05_scaling,
  Title                    = {Design Parameter Effects for Wrinkle Reduction in Membrane Space Structures},
  Author                   = {H. Sakamoto and K. C. Park},
  Year                     = {2005},
  Type                     = {{AIAA Paper} 2005-1974},

  Owner                    = {hiraku},
  Timestamp                = {2008.04.06}
}

@Proceedings{Sakam05_asme,
  Title                    = {Theory and Application of Localized Vibration Control Strategy in Cable-Suspended Membrane Space Structures},
  Year                     = {2005},

  Address                  = {Orlando, FL},
  Month                    = nov,
  Number                   = {{IMECE}2005-81597},

  Author                   = {H. Sakamoto and K. C. Park and Y. Miyazaki},
  Booktitle                = {ASME International Mechanical Engineering Congress and Exposition},
  Owner                    = {hiraku},
  Timestamp                = {2008.04.06}
}

@Article{Sakam05_jsr,
  Title                    = {Dynamic Wrinkle Reduction Strategies for Cable Suspended Membrane Structures},
  Author                   = {H. Sakamoto and K. C. Park and Y. Miyazaki},
  Journal                  = {Journal of Spacecraft and Rockets},
  Year                     = {2005},

  Month                    = sep # {-} # oct,
  Number                   = {5},
  Pages                    = {850-858},
  Volume                   = {42},

  Owner                    = {hiraku},
  Timestamp                = {2008.04.06}
}

@TechReport{Sakam05_piezo,
  Title                    = {Distributed Localized Vibration Control of Membrane Structures Using Piezoelectric Actuators},
  Author                   = {H. Sakamoto and K. C. Park and Y. Miyazaki},
  Year                     = {2005},
  Type                     = {{AIAA Paper} 2005-2114},

  Owner                    = {hiraku},
  Timestamp                = {2008.04.06}
}

@TechReport{Sakam04,
  Title                    = {Dynamic Wrinkle Reduction Strategies for Cable Suspended Membrane Structures},
  Author                   = {H. Sakamoto and K. C. Park and Y. Miyazaki},
  Year                     = {2004},
  Note                     = {also to appear in {\it Journal of Spacecraft and Rockets}},
  Type                     = {{AIAA Paper} 2004--1581},

  Owner                    = {hiraku},
  Timestamp                = {2008.04.06}
}

@TechReport{Sakam11,
  Title                    = {A Spin-up Control Scheme for Contingency Deployment of the Sailcraft IKAROS},
  Author                   = {H. Sakamoto and Y. Shirasawa and H. Sawada and D. Haraguchi and O. Mori},
  Year                     = {2011},
  Type                     = {{52nd AIAA/ASME/ASCE/AHS/ASC Structures, Structural Dynamics, and Materials, Denver, CO}},

  Owner                    = {hiraku},
  Timestamp                = {2008.04.06}
}

@InProceedings{Salam94,
  Title                    = {On-Orbit Shape Correction of Inflatable Structures},
  Author                   = {M. Salama and C. P. Kuo and J. Garba and B. Wada and M. Thomas},
  Booktitle                = {35th {AIAA/ASME/ASCE/AHS/ASC} Structures, Structural Dynamics, and Material Conference},
  Year                     = {1994},

  Address                  = {Hilton Head, SC},
  Month                    = apr,
  Pages                    = {1--8},

  Owner                    = {hiraku},
  Timestamp                = {2008.04.06}
}

@InProceedings{Salam01,
  Title                    = {Gossamer Sailcraft Technology},
  Author                   = {M. Salama and C. McInnes and P. Mulligan},
  Booktitle                = {Gossamer Spacecraft: Membrane and Inflatable Structures Technology for Space Applications},
  Year                     = {2001},
  Editor                   = {C. H. Jenkins},
  Publisher                = {AIAA},
  Series                   = {Volume 191: Progress in Astronautics and Aeronautics},

  Chapter                  = {19},
  Owner                    = {hiraku},
  Timestamp                = {2008.04.06}
}

@Article{Salam03,
  Title                    = {Ground Demonstration of a Spinning Solar Sail Deployment Concept},
  Author                   = {M. Salama and C. White and R. Leland},
  Journal                  = {Journal of Spacecraft and Rockets},
  Year                     = {2003},

  Month                    = jan # {-} # feb,
  Note                     = {\verb+doi: 10.2514/2.3933+},
  Number                   = {1},
  Pages                    = {9-14},
  Volume                   = {40},

  Timestamp                = {2010.01.08}
}

@Proceedings{Sandy00,
  Title                    = {Next Generation Space Telescope Inflatable Sunshield Development},
  Year                     = {2000},
  Month                    = mar,
  Volume                   = {6},

  Author                   = {C. R. Sandy},
  Booktitle                = {Aerospace Conference Proceedings 2000 {IEEE}},
  Owner                    = {hiraku},
  Pages                    = {505--519},
  Timestamp                = {2008.04.06}
}

@InProceedings{Satou11,
  Title                    = {Mechanical Properties of Wrapping Fold Wrinkles in Large Space Membrane},
  Author                   = {Y. Satou and H. Furuya},
  Booktitle                = {28th International Symposium on Space Technology and Science},
  Year                     = {2011},

  Address                  = {Okinawa, Japan},
  Month                    = jul,
  Number                   = {{ISTS} 2011-c-32},

  Owner                    = {hiraku},
  Timestamp                = {2010.01.19}
}

@InProceedings{Sawad10,
  Title                    = {Report on Deployment Solar Power Sail Mission of IKAROS},
  Author                   = {H. Sawada and \rm{et al.}},
  Booktitle                = {2nd International Symposium on Solar Sailing},
  Year                     = {2010},

  Address                  = {Brooklyn, NY},
  Month                    = jul,

  Owner                    = {Hiraku},
  Timestamp                = {2010.01.07}
}

@TechReport{Sawad11,
  Title                    = {Mission Report on The Solar Power Sail Deployment Demonstration of {IKAROS}},
  Author                   = {H. Sawada and O. Mori and N. Okuizumi and Y. Shirasawa and Y. Miyazaki and M. C. Natori and S. Matunaga and H. Furuya and H. Sakamoto},
  Year                     = {2011},
  Type                     = {{AIAA Paper} 2011-1887},

  Owner                    = {hiraku},
  Timestamp                = {2008.04.06}
}

@TechReport{Schar98,
  Title                    = {Electrostatic Control of a Membrane Using Adaptive Feedback Linearization},
  Author                   = {D. P. Scharf and D. C. Hyland and P. D. Washabaugh},
  Year                     = {1998},
  Type                     = {{AIAA Paper} 98--4139},

  Owner                    = {hiraku},
  Timestamp                = {2008.04.06}
}

@InProceedings{Schee74,
  Title                    = {Space-saving Storage of Flexible Sheets},
  Author                   = {H. Scheel},
  Booktitle                = {{US Patent}},
  Year                     = {1974},
  Number                   = {3848821 A},

  Nationality              = {US},
  Owner                    = {Hiraku},
  Timestamp                = {2016.07.25}
}

@TechReport{Schir89,
  Title                    = {Simulation Modeling and Test of a Satellite Despin System},
  Author                   = {E. E. Schiring and J. W. Heffel and C. J. Litz},
  Year                     = {1989},
  Month                    = aug,
  Type                     = {{AIAA Paper} 89-3267},

  Timestamp                = {2010.01.08}
}

@Article{Sella76,
  Title                    = {Dynamics of Spin-Stabilized Spacecraft During Deployment of Telescoping Appendages},
  Author                   = {R. Sellappan and P. M. Bainum},
  Journal                  = {Journal of Spacecraft and Rockets},
  Year                     = {1976},

  Month                    = oct,
  Number                   = {10},
  Pages                    = {605-610},
  Volume                   = {13},

  Timestamp                = {2010.01.08}
}

@Article{Senba08,
  Title                    = {Self-Identification Experiments Using Variable Inertia Systems for Flexible Beam Structure},
  Author                   = {A. Senba and H. Furuya},
  Journal                  = {Journal of Vibration and Acoustics},
  Year                     = {2008},

  Month                    = feb,
  Volume                   = {130},

  Owner                    = {Hiraku},
  Timestamp                = {2013.02.21}
}

@Article{Senba08_mssp,
  Title                    = {Implementation Algorithms for Self-Identification of Adaptive Structures with Variable Geometric Properties},
  Author                   = {A. Senba and H. Furuya},
  Journal                  = {Mechanical Systems and Signal Processing},
  Year                     = {2008},
  Pages                    = {1-14},
  Volume                   = {22},

  Owner                    = {Hiraku},
  Timestamp                = {2013.02.21}
}

@Article{Shahv06,
  Title                    = {Finite Element Model Updating of Large Structures by the Clustering of Parameter Sensitivities},
  Author                   = {H. Shahverdi and C. Mares and W. Wang and C. H. Greaves and J. E. Mottershead},
  Journal                  = {Applied Mechanics and Materials},
  Year                     = {2006},
  Pages                    = {85-92},
  Volume                   = {5-6},

  Owner                    = {Hiraku},
  Timestamp                = {2013.05.18}
}

@TechReport{Shake75,
  Title                    = {Effect of Axial Load on Mode Shapes and Frequencies of Beams},
  Author                   = {F. J. Shaker},
  Year                     = {1975},
  Month                    = dec,
  Type                     = {{NASA TN D}-8109},

  Owner                    = {hiraku},
  Timestamp                = {2008.04.06}
}

@TechReport{Shira11,
  author    = {Y. Shirasawa and O. Mori and Y. Miyazaki and H. Sakamoto and M. Hasome and N. Okuizumi and H. Sawada and H. Furuya and S. Matsunaga and M. C. Natori},
  title     = {Analysis of Membrane Dynamics Using Multi-Particle Model for Solar Sail Demonstrator ``{IKAROS}''},
  year      = {2011},
  type      = {{AIAA Paper} 2011-1890},
  owner     = {hiraku},
  timestamp = {2008.04.06},
}

@TechReport{Shira12,
  Title                    = {A Study on Membrane Dynamics and Deformation of Solar Power Sail Demonstrator ``IKAROS''},
  Author                   = {Y. Shirasawa and O. Mori and H. Sawada and Y. Chishiki and K. Kitamura and J. Kawaguchi},
  Year                     = {2012},
  Type                     = {{AIAA Paper} 2012-1747},

  Owner                    = {hiraku},
  Timestamp                = {2008.04.06}
}

@Article{Simo95,
  Title                    = {Non-linear dynamics of three-dimensional rods: Exact energy and momentum conserving algorithms},
  Author                   = {J. C. Simo and N. Tarnow and M. Doblare},
  Journal                  = {International Journal for Numerical Methods in Engineering},
  Year                     = {1995},

  Month                    = may,
  Number                   = {9},
  Pages                    = {1431--1473},
  Volume                   = {38},

  Owner                    = {hiraku},
  Timestamp                = {2010.03.15}
}

@TechReport{Slade02,
  Title                    = {Solar Sail Loads, Dynamics, and Membrane Studies},
  Author                   = {K. N. Slade and W. K. Belvin},
  Year                     = {2002},
  Type                     = {{AIAA Paper} 2002--1265},

  Owner                    = {hiraku},
  Timestamp                = {2008.04.06}
}

@TechReport{Slade03,
  Title                    = {Dynamic Characterization of a Subscale Solar Sail Using Non-contacting Excitation and Sensing},
  Author                   = {K. N. Slade and W. K. Belvin and T. K. Tetlow and V. Behun},
  Year                     = {2003},
  Type                     = {{AIAA Paper} 2003--1744},

  Owner                    = {hiraku},
  Timestamp                = {2008.04.06}
}

@TechReport{Sleig04,
  Title                    = {Parametric Studies of Square Solar Sails Using Finite Element Analysis},
  Author                   = {D. W. Sleight and D. M. Muheim},
  Year                     = {2004},
  Type                     = {{AIAA Paper} 2004-1509},

  Owner                    = {hiraku},
  Timestamp                = {2008.04.06}
}

@TechReport{Sodan03,
  Title                    = {Vibration Testing and Control of an Inflatable Torus Using Multiple Sensors/Actuators},
  Author                   = {H. A. Sodano and G. Park and D. J. Inman},
  Year                     = {2003},
  Type                     = {{AIAA Paper} 2003--1044},

  Owner                    = {hiraku},
  Timestamp                = {2008.04.06}
}

@TechReport{Solte03,
  Title                    = {A Study of a Prototype Actuator Concept for Membrane Boundary Control},
  Author                   = {M. J. Solter and L. G. Horta and A. D. Panetta},
  Year                     = {2003},
  Type                     = {{AIAA Paper} 2003--1736},

  Owner                    = {hiraku},
  Timestamp                = {2008.04.06}
}

@Article{Stanu03,
  Title                    = {{FE} Analysis of Large Deformation of Membranes with Wrinkling},
  Author                   = {M. Stanuszek},
  Journal                  = {Finite Elements in Analysis and Design},
  Year                     = {2003},
  Pages                    = {599--618},
  Volume                   = {39},

  Owner                    = {hiraku},
  Timestamp                = {2008.04.06}
}

@TechReport{Stein61,
  Title                    = {Analysis of Partly Wrinkled Membranes},
  Author                   = {M. Stein and J. M. Hedgepeth},
  Year                     = {1961},
  Month                    = jul,
  Type                     = {{NASA TN D-813}},

  Owner                    = {hiraku},
  Timestamp                = {2008.04.06}
}

@TechReport{Stohl13,
  Title                    = {Deorbitsail: a Deployable Sail for De-orbiting},
  Author                   = {O. R. Stohlman and V. Lappas},
  Year                     = {2013},
  Type                     = {{AIAA Paper} 2013-1806},

  Owner                    = {hiraku},
  Timestamp                = {2008.04.06}
}

@Book{Stran88,
  Title                    = {Linear Algebra and Its Applications},
  Author                   = {G. Strang},
  Publisher                = {Brooks/Cole Pub Co.},
  Year                     = {1988},

  Owner                    = {Hiraku},
  Timestamp                = {2013.05.18}
}

@Book{Stran76,
  Title                    = {Linear Algebra and its Applications},
  Author                   = {G. Strang},
  Publisher                = {Academic Press},
  Year                     = {1976},

  Address                  = {New York},

  Owner                    = {hiraku},
  Timestamp                = {2008.04.06}
}

@InProceedings{Stuck01,
  Title                    = {Solar Ultraviolet and Space Radiation Effect on Inflatable Materials},
  Author                   = {W. K. Stuckey and M. J. Meshishnek},
  Booktitle                = {Gossamer Spacecraft: Membrane and Inflatable Structures Technology for Space Applications},
  Year                     = {2001},
  Editor                   = {C. H. Jenkins},
  Publisher                = {AIAA},
  Series                   = {Volume 191: Progress in Astronautics and Aeronautics},

  Chapter                  = {9},
  Owner                    = {hiraku},
  Timestamp                = {2008.04.06}
}

@Article{Styli94,
  Title                    = {Finite Element Analysis of an Axially Moving Beam, Part 1: Time Integration},
  Author                   = {M. Stylianou and B. Tabarrok},
  Journal                  = {Journal of Sound and Vibration},
  Year                     = {1994},
  Number                   = {4},
  Pages                    = {433--453},
  Volume                   = {178},

  Owner                    = {hiraku},
  Timestamp                = {2009.04.02}
}

@Article{Su95,
  Title                    = {Substructure-Based Controller Design Method for Flexible Structures},
  Author                   = {T. Su and V. Babuska and R. Craig},
  Journal                  = {Journal of Guidance, Control, and Dynamics},
  Year                     = {1995},

  Month                    = sep # {-} # oct,
  Number                   = {5},
  Pages                    = {1053--1061},
  Volume                   = {18},

  Owner                    = {hiraku},
  Timestamp                = {2008.04.06}
}

@TechReport{Su03,
  Title                    = {Wrinkling Analysis of a {Kapton} Square Membrane under Tensile Loading},
  Author                   = {X. Su and F. Abdi and B. Taleghani and J. R. Blandino},
  Year                     = {2003},
  Type                     = {{AIAA Paper} 2003--1985},

  Owner                    = {hiraku},
  Timestamp                = {2008.04.06}
}

@Article{Sugiy05,
  Title                    = {Modeling and Experimental Methods for Dynamic Analysis of the Spaghetti Problem},
  Author                   = {H. Sugiyama and N. Kobayashi and Y. Komaki},
  Journal                  = {Journal of Vibration and Acoustics},
  Year                     = {2005},
  Pages                    = {44--51},
  Volume                   = {127},

  Owner                    = {hiraku},
  Timestamp                = {2009.04.02}
}

@Article{Sunar92,
  Title                    = {Substructure Decomposition Method for the Control Design of Large Flexible Structures},
  Author                   = {M. Sunar and S. S. Rao},
  Journal                  = {{AIAA} Journal},
  Year                     = {1992},
  Number                   = {10},
  Pages                    = {2573--2575},
  Volume                   = {30},

  Owner                    = {hiraku},
  Timestamp                = {2008.04.06}
}

@TechReport{Talle02,
  Title                    = {Advanced Membrane Materials for Improved Solar Sail Capabilities},
  Author                   = {C. Talley and W. Clayton and P. Gierow and J. McGee and J. Moore},
  Year                     = {2002},
  Type                     = {{AIAA Paper} 2002--1561},

  Owner                    = {hiraku},
  Timestamp                = {2008.04.06}
}

@Article{Tanak15jimss,
  Title                    = {Development of a smart reconfigurable reflector prototype for an extremely high-frequency antenna},
  Author                   = {H. Tanaka and H. Sakamoto and A. Inagaki and K. Ishimura and A. Doi and Y. Kono and T. Oyama and K. Watanabe and Y. Oikawa and T. Kuratomi},
  Journal                  = {Journal of Intelligent Material Systems and Structures},
  Year                     = {2015},

  Month                    = apr,
  Note                     = {(Online first)},

  Owner                    = {Hiraku},
  Timestamp                = {2015.06.04}
}

@Article{Tanak15acta,
  Title                    = {Development and Operations of Nano-satellite {FITSAT}-1 ({NIWAKA})},
  Author                   = {T. Tanaka and Y. Kawamura and T. Tanaka},
  Journal                  = {Acta Astronautica},
  Year                     = {2015},
  Pages                    = {112--129},
  Volume                   = {107},

  Owner                    = {Hiraku},
  Timestamp                = {2015.05.28}
}

@Book{Taran87,
  Title                    = {Inverse problem theory : methods for data fitting and model parameter estimation},
  Author                   = {A. Tarantola},
  Publisher                = {Elsevier},
  Year                     = {1987},

  Owner                    = {Hiraku},
  Timestamp                = {2013.02.16}
}

@InProceedings{Tenny01,
  Title                    = {Atomic Oxygen Effects on Space Inflatable Materials},
  Author                   = {R. C. Tennyson},
  Booktitle                = {Gossamer Spacecraft: Membrane and Inflatable Structures Technology for Space Applications},
  Year                     = {2001},
  Editor                   = {C. H. Jenkins},
  Publisher                = {AIAA},
  Series                   = {Volume 191: Progress in Astronautics and Aeronautics},

  Chapter                  = {8},
  Owner                    = {hiraku},
  Timestamp                = {2008.04.06}
}

@Book{Tikho77,
  Title                    = {Solutions of Ill-Posed Problems},
  Author                   = {A. N. Tikhonov and V. Y. Arsenin},
  Publisher                = {V. H. Winston \& Sons},
  Year                     = {1977},

  Owner                    = {Hiraku},
  Timestamp                = {2013.02.16}
}

@Book{Timos70,
  Title                    = {Theory of Elasticity, Third Edition},
  Author                   = {S. P. Timoshenko and J. N. Goodier},
  Publisher                = {McGraw-Hill},
  Year                     = {1970},

  Owner                    = {hiraku},
  Timestamp                = {2008.04.06}
}

@Article{Trill97,
  Title                    = {Improved Eigenstructure Assignment Controller Design Using a Substructure-Based Coordinate System},
  Author                   = {M. J. Triller and D. C. Kammer},
  Journal                  = {Journal of Guidance, Control, and Dynamics},
  Year                     = {1997},

  Month                    = sep # {-} # oct,
  Number                   = {5},
  Pages                    = {941--948},
  Volume                   = {20},

  Owner                    = {hiraku},
  Timestamp                = {2008.04.06}
}

@Article{Tsuch83,
  Title                    = {Dynamics of a Spacecraft during Extension of Flexible Appendages},
  Author                   = {K. Tsuchiya},
  Journal                  = {Journal of Guidance},
  Year                     = {1983},

  Month                    = mar # {-} # apr,
  Number                   = {2},
  Pages                    = {100--103},
  Volume                   = {6},

  Owner                    = {hiraku},
  Timestamp                = {2009.04.02}
}

@Proceedings{Tsuda04,
  Title                    = {Improved Multi-Particle Model for Dynamics Analysis of Arbitrary-Shaped Thin Flexible Structure},
  Year                     = {2004},

  Address                  = {Kanagawa, Japan},
  Month                    = jul,

  Author                   = {Yuichi Tsuda},
  Booktitle                = {14th Workshop on {JAXA} Astrodynamics and Flight Mechanics},
  Owner                    = {hiraku},
  Timestamp                = {2008.05.02}
}

@Article{Tsuda11acta,
  Title                    = {Flight Status of {IKAROS} Deep Space Solar Sail Demonstrator},
  Author                   = {Y. Tsuda and O. Mori and R. Funase and H. Sawada and T. Yamamoto and T. Saiki and T. Endo and J. Kawaguchi},
  Journal                  = {Acta Astronautica},
  Year                     = {2011},
  Pages                    = {833-840},
  Volume                   = {69},

  Owner                    = {Hiraku},
  Timestamp                = {2013.09.05}
}

@Article{Tsuda13acta,
  Title                    = {Achievement of {IKAROS} -- {Japanese} Deep Space Solar Sail Demonstration Mission},
  Author                   = {Y. Tsuda and O. Mori and R. Funase and H. Sawada and T. Yamamoto and T. Saiki and T. Endo and K. Yonekura and H. Hoshino and J. Kawaguchi},
  Journal                  = {Acta Astronautica},
  Year                     = {2013},
  Pages                    = {183-188},
  Volume                   = {82},

  Owner                    = {Hiraku},
  Timestamp                = {2013.09.05}
}

@Article{Tsuda06,
  Title                    = {Flight Result and Analysis of Solar Sail Deployment Experiment Using S-310 Sounding Rocket},
  Author                   = {Y. Tsuda and O. Mori and S. Takeuchi and J. Kawagushi},
  Journal                  = {Space Technology},
  Year                     = {2006},
  Number                   = {1--2},
  Pages                    = {33--39},
  Volume                   = {26},

  Owner                    = {hiraku},
  Timestamp                = {2010.01.12}
}

@TechReport{Tsuda11,
  Title                    = {Shape Parameter Estimation of {IKAROS} Solar Sail Using In-Flight Attitude Determination Data},
  Author                   = {Y. Tsuda and T. Saiki and R. Funase and Y. Shirasawa and Y. Mimasu},
  Year                     = {2011},
  Type                     = {{AIAA Paper} 2011-1889},

  Owner                    = {hiraku},
  Timestamp                = {2008.04.06}
}

@TechReport{Uchim00,
  Title                    = {Large Deployable Reflector on {ETS-VIII} (Second Report)},
  Author                   = {K. Uchimaru and K. Nakamura and A. Tsujihata and A. Miyasaka and A. Meguro},
  Year                     = {2000},
  Type                     = {{AIAA Paper} 00--25035},

  Owner                    = {Hiraku},
  Timestamp                = {2013.03.06}
}

@PhdThesis{Uebel06phd,
  Title                    = {Non-Deterministic Design and Analysis of Parameterized Optical Structures during Conceptual Design},
  Author                   = {S. A. Uebelhart},
  School                   = {Massachusetts Institute of Technology},
  Year                     = {2006},
  Month                    = jun,

  Owner                    = {Hiraku},
  Timestamp                = {2011.08.16}
}

@TechReport{Uebel07,
  Title                    = {Uncertainty Evaluation for Parameterized Spacecraft Architectures in Conceptual Design},
  Author                   = {S. A. Uebelhart and D. W. Miller},
  Year                     = {2007},
  Type                     = {{AIAA Paper} 2007--2373},

  Owner                    = {hiraku},
  Timestamp                = {2008.04.06}
}

@InProceedings{Uesug90,
  Title                    = {Attitude Dynamics of a Satellite during Yo-Yo Despin},
  Author                   = {K. Uesugi and K. Nihomiya and M. Hinada and N. Muranaka and F. Kaju and H. Kawano},
  Booktitle                = {Proceedings of the 3rd Pacific Basin International Symposium on Advances in Space ScienceTechnology and its Applications},
  Year                     = {1990},
  Month                    = nov,
  Number                   = {{AAS} 89-656},
  Pages                    = {571--589},

  Owner                    = {hiraku},
  Timestamp                = {2010.01.11}
}

@Article{Uesug71j,
  Title                    = {Yo-Yo Despin (II)},
  Author                   = {K. Uesugi and K. Ninomiya and A. Onishi},
  Journal                  = {The Institute of Space and Aeronautical Science Report},
  Year                     = {1971},

  Month                    = jan,
  Note                     = {(in Japanese)},
  Number                   = {1 (A)},
  Volume                   = {7},

  Owner                    = {hiraku},
  Timestamp                = {2009.12.12}
}

@Article{Uesug70j,
  Title                    = {Yo-Yo Despin (I)},
  Author                   = {K. Uesugi and K. Ninomiya and A. Onishi},
  Journal                  = {The Institute of Space and Aeronautical Science Report},
  Year                     = {1970},

  Month                    = jan,
  Note                     = {(in Japanese)},
  Number                   = {1 (A)},
  Volume                   = {6},

  Owner                    = {hiraku},
  Timestamp                = {2009.12.12}
}

@Article{Utku95,
  Title                    = {Shape Control of Inflatable Reflectors},
  Author                   = {S. Utku and C. P. Kuo and J. A. Garba and B. K. Wada},
  Journal                  = {Journal of Intelligent Material Systems and Structures},
  Year                     = {1995},

  Month                    = jul,
  Pages                    = {550--556},
  Volume                   = {6},

  Owner                    = {hiraku},
  Timestamp                = {2008.04.06}
}

@Book{Wang03,
  Title                    = {Computational Statistics I},
  Author                   = {J. Wang and M. Taguri and S. Tezuka and Y. Kabashima and N. Ueda},
  Publisher                = {Iwanami Publishers},
  Year                     = {2003},
  Note                     = {(in Japanese)},

  Owner                    = {Hiraku},
  Timestamp                = {2011.04.26}
}

@TechReport{Wang04,
  Title                    = {Simulating Nonlinear Deformations of Solar Sail Membranes Using Explicit Time Integration},
  Author                   = {J. T. Wang and T. Chen and D. W. Sleight and A. Tessler},
  Year                     = {2004},
  Type                     = {{AIAA Paper} 2004-1580},

  Owner                    = {hiraku},
  Timestamp                = {2008.04.06}
}

@TechReport{White03,
  Title                    = {Shaping of Parabolic Cylindrical Membrane Reflectors for the {DART} Precision Test Bed},
  Author                   = {C. White and M. Salama and A. Hatheway and M. Dragovan and J. Schroeder and D. Barber and J. Dooley},
  Year                     = {2003},
  Type                     = {{AIAA Paper} 2003--1652},

  Owner                    = {hiraku},
  Timestamp                = {2008.04.06}
}

@Book{Wie08,
  Title                    = {Space Vehicle Dynamics and Control},
  Author                   = {B. Wie},
  Editor                   = {J. S. Przemieniecki},
  Publisher                = {American Institute of Aeronautics and Astronautics},
  Year                     = {2008},

  Address                  = {Reston, VA},
  Series                   = {AIAA Education Series},

  Owner                    = {Hiraku},
  Timestamp                = {2009.12.12}
}

@Article{Wie08Ch5,
  Title                    = {Rotational Kinematics},
  Author                   = {B. Wie},
  Journal                  = {Space Vehicle Dynamics and Control},
  Year                     = {2008},
  Note                     = {{AIAA Education Series, AIAA, New York}},
  Pages                    = {xxx--xxx},

  Address                  = {Reston, VA},
  Editor                   = {J. S. Przemieniecki},
  Owner                    = {Hiraku},
  Publisher                = {American Institute of Aeronautics and Astronautics},
  Series                   = {AIAA Education Series},
  Timestamp                = {2009.12.12}
}

@Book{Wie98,
  Title                    = {Space Vehicle Dynamics and Control},
  Author                   = {B. Wie},
  Editor                   = {J. S. Przemieniecki},
  Publisher                = {American Institute of Aeronautics and Astronautics},
  Year                     = {1998},

  Address                  = {Reston, VA},
  Series                   = {AIAA Education Series},

  Timestamp                = {2009.12.12}
}

@Article{Wie04jsr_2,
  Title                    = {Solar Sail Attitude Control and Dynamics, Part 2},
  Author                   = {B. Wie},
  Journal                  = {Journal of Guidance, Control, and Dynamics},
  Year                     = {2004},

  Month                    = jul # {-} # aug,
  Number                   = {4},
  Pages                    = {536-544},
  Volume                   = {27},

  Owner                    = {hiraku},
  Timestamp                = {2008.04.06}
}

@TechReport{Wie04_1,
  Title                    = {Robust Attitude Control Systems Design for Solar Sails, Part 1: Propellantless Primary {ACS}},
  Author                   = {B. Wie and D. Murphy and M. Paluszek and S. Thomas},
  Year                     = {2004},
  Type                     = {{AIAA Paper} 2004-5010},

  Owner                    = {hiraku},
  Timestamp                = {2008.04.06}
}

@TechReport{Wie04_2,
  Title                    = {Robust Attitude Control Systems Design for Solar Sails, Part 2: Micro{PPT}-based Secondary {ACS}},
  Author                   = {B. Wie and D. Murphy and M. Paluszek and S. Thomas},
  Year                     = {2004},
  Type                     = {{AIAA Paper} 2004-5011},

  Owner                    = {hiraku},
  Timestamp                = {2008.04.06}
}

@TechReport{Wilki04,
  Title                    = {Anisotropic Piezocomposite Actuator Incorporating Machined {PMN-PT} Single Crystal Fibers},
  Author                   = {W. K. Wilkie and D. J. Inman and J. M. Lloyd and J. W. High},
  Year                     = {2004},
  Type                     = {{AIAA Paper} 2004--1889},

  Owner                    = {hiraku},
  Timestamp                = {2008.04.06}
}

@Article{Wilso81,
  Title                    = {A History of Balloon Satellites},
  Author                   = {A. Wilson},
  Journal                  = {Journal of the British Interplanetary Society},
  Year                     = {1981},
  Pages                    = {10--22},
  Volume                   = {34},

  Owner                    = {hiraku},
  Timestamp                = {2008.04.06}
}

@TechReport{Wong02,
  Title                    = {Computation of Wrinkle Amplitudes in Thin Membranes},
  Author                   = {Y. W. Wong and S. Pellegrino},
  Year                     = {2002},
  Type                     = {{AIAA Paper} 2002--1369},

  Owner                    = {hiraku},
  Timestamp                = {2008.04.06}
}

@TechReport{Wong03,
  Title                    = {Prediction of Wrinkle Amplitudes in Square Solar Sail},
  Author                   = {Y. W. Wong and S. Pellegrino and K. C. Park},
  Year                     = {2003},
  Type                     = {{AIAA Paper} 2003--1982},

  Owner                    = {hiraku},
  Timestamp                = {2008.04.06}
}

@Book{Wrigh92,
  Title                    = {Space Sailing},
  Author                   = {J. L. Wright},
  Publisher                = {Gordon and Breach Science Publishers},
  Year                     = {1992},

  Address                  = {Philadelphia, PA},

  Owner                    = {hiraku},
  Timestamp                = {2008.04.06}
}

@InProceedings{Yamaz16iac,
  Title                    = {Hands-on Practices for Space Systems Engineering Education Using Pico-Satellite Training Kit HEPTA-Sat},
  Author                   = {M. Yamazaki},
  Booktitle                = {Proc.~of 67th International Astronautical Congress},
  Year                     = {2016},
  Number                   = {IAC-2016-E.1.3.3},

  Owner                    = {Hiraku},
  Timestamp                = {2018.08.18}
}

@InProceedings{Yamaz15hepta,
  Title                    = {Hands-on Learning of Space Systems Engineering by using Classroom Pico-Satellite ``HEPTA''},
  Author                   = {M. Yamazaki},
  Booktitle                = {Proc.~of 7th International Conference on Recent Advances in Space Technologies},
  Year                     = {2015},

  Location                 = {Istanbul, Turk},
  Owner                    = {Hiraku},
  Timestamp                = {2018.08.18}
}

@InProceedings{Yamaz08,
  Title                    = {Nihon University Nano Satellite Development Project: {SEEDS} and {SPROUT}},
  Author                   = {M. Yamazaki and Y. Araki and K. Arita and T. Masuda and Y. Miyazaki and K. Matsubara and Y. Nakamura},
  Booktitle                = {26th International Symposium on Space Technology and Science},
  Year                     = {2008},

  Address                  = {Hamamatsu, Shizuoka, Japan},
  Month                    = jun,
  Number                   = {2008-o-1-06v},

  Owner                    = {Hiraku},
  Timestamp                = {2010.01.07}
}

@InProceedings{Yamaz18,
  Title                    = {HEPTA-Sat Training Program: International Knowledge Transfer Using Hands-on Type CubeSat Education},
  Author                   = {M. Yamazaki and T. Zengo},
  Booktitle                = {Proc.~of 32nd Annual AIAA/USU Conference on Small Satellites},
  Year                     = {2018},
  Number                   = {SSC18-WKVIII-04},

  Location                 = {Logan, UT, USA},
  Owner                    = {Hiraku},
  Timestamp                = {2018.08.18}
}

@TechReport{Yang01,
  Title                    = {A New Approach to Wrinkling Prediction for Space Membrane Structures},
  Author                   = {B. Yang and H. Ding and M. Lou and H. Fang},
  Year                     = {2001},
  Type                     = {{AIAA Paper} 2001--1348},

  Owner                    = {hiraku},
  Timestamp                = {2008.04.06}
}

@Article{HandB07jCh8,
  Title                    = {Attitude Stabilization},
  Author                   = {N. Yoshida},
  Journal                  = {Handbook for Dynamics and Control of Satellites},
  Year                     = {2007},
  Note                     = {Chapter 8, Baifukan, Tokyo, Japan, (in Japanese)},
  Pages                    = {575--636},

  Address                  = {Tokyo, Japan},
  Editor                   = {{Ninomiya, K. et al.}},
  Owner                    = {hiraku},
  Publisher                = {Baifukan Co., Ltd.},
  Timestamp                = {2010.01.08}
}

@Article{Young90,
  Title                    = {Distributed Finite-Element Modeling and Control Approach for Large Flexible Structures},
  Author                   = {K. D. Young},
  Journal                  = {Journal of Guidance},
  Year                     = {1990},

  Month                    = jul # {-} # aug,
  Number                   = {4},
  Pages                    = {703--713},
  Volume                   = {13},

  Owner                    = {hiraku},
  Timestamp                = {2008.04.06}
}

@Article{Zhang00,
  Title                    = {Post-buckling Analysis of Shell and Membrane Structures by Dynamic Relaxation Method},
  Author                   = {W. Zhang and T. Hisada and H. Noguchi},
  Journal                  = {Computational Mechanics},
  Year                     = {2000},
  Pages                    = {267--272},
  Volume                   = {26},

  Owner                    = {hiraku},
  Timestamp                = {2008.04.06}
}

@Article{Zieba04,
  Title                    = {Generalized Analytical Solar Radiation Pressure Modeling Algorithm for Spacecraft of Complex Shape},
  Author                   = {M. Ziebart},
  Journal                  = {Journal of Spacecraft and Rockets},
  Year                     = {2004},

  Month                    = sep # {-} # oct,
  Number                   = {5},
  Pages                    = {840-848},
  Volume                   = {41},

  Owner                    = {hiraku},
  Timestamp                = {2008.04.06}
}

@Book{Banik17,
  title     = {Testing Large Ultra-Lightweight Spacecraft},
  year      = {2017},
  editor    = {J. A. Banik and C. H. Jenkins},
  publisher = {{AIAA}},
  type   = {Chapter 4},
  owner     = {Hiraku},
  timestamp = {2018.08.21},
}

@Book{SEBoK17,
  Title                    = {Systems Engineering Body of Knowledge {v.~1.8}},
  Editor                   = {{BKCASE}},
  Year                     = {2017},

  Owner                    = {Hiraku},
  Timestamp                = {2018.08.16}
}

@Book{Jenki06_book,
  Title                    = {Recent Advances in Gossamer Spacecraft},
  Editor                   = {C. H. Jenkins},
  Publisher                = {AIAA},
  Year                     = {2006},
  Series                   = {Volume 212: Progress in Astronautics and Aeronautics},

  Owner                    = {hiraku},
  Timestamp                = {2008.05.02}
}

@Book{Jenki01_book,
  Title                    = {Gossamer Spacecraft: Membrane and Inflatable Structures Technology for Space Applications},
  Editor                   = {C. H. Jenkins},
  Publisher                = {AIAA},
  Year                     = {2001},
  Series                   = {Volume 191: Progress in Astronautics and Aeronautics},

  Owner                    = {hiraku},
  Timestamp                = {2008.04.06}
}

@Book{Maia97,
  Title                    = {Theoretical and Experimental Modal Analysis},
  Editor                   = {N. M. M. Maia and J. M. M. Silva},
  Publisher                = {Research Studies Press Ltd.},
  Year                     = {1997},

  Address                  = {Hertfordshire, England},

  Owner                    = {hiraku},
  Timestamp                = {2008.04.06}
}

@Book{HandB07j,
  Title                    = {Handbook for Dynamics and Control of Satellites},
  Editor                   = {{Ninomiya, K. et al.}},
  Publisher                = {Baifukan Co., Ltd.},
  Year                     = {2007},

  Address                  = {Tokyo, Japan},
  Note                     = {Chapter 8, (in Japanese)},

  Owner                    = {hiraku},
  Timestamp                = {2010.01.08}
}

@Book{Roman02,
  Title                    = {Ill-posed and inverse problems : dedicated to academician Mikhail Mikhailovich Lavrentiev on the occasion of his 70th birthday},
  Editor                   = {V. G. Romanov and M. Lavrentiev},
  Publisher                = {Utrecht},
  Year                     = {2002},

  Owner                    = {Hiraku},
  Timestamp                = {2013.02.16}
}

@Misc{Futur,
  Title                    = {future{SPACE}},
  Note                     = {http://www.futurespace.de/},

  Owner                    = {hiraku},
  Timestamp                = {2008.04.06}
}

@Electronic{NanosailD,
  Title                    = {NASA's Nanosail-D 'Sails' Home},
  Note                     = {\url{http://www.nasa.gov/mission_pages/smallsats/nanosaild.html}},

  Owner                    = {Hiraku},
  Timestamp                = {2013.06.11}
}

@InProceedings{,
  Owner                    = {Hiraku},
  Timestamp                = {2016.07.25}
}

@TechReport{Arya19,
  author    = {M. Arya and J. F. Sauder and R. Hodges and S. Pellegrino},
  title     = {Large-Area Deployable Reflectarray Antenna for CubeSats},
  year      = {2019},
  type    = {{AIAA Paper} 2019-2257},
  location  = {AIAA Scitech 2019 Forum},
  month     = jan,
  pages     = {1--11},
  owner     = {Hiraku},
  timestamp = {2018.08.16},
}

@Book{,
  Owner                    = {Hiraku},
  Timestamp                = {2018.08.16}
}

@Book{ABAQU68,
  Title                    = {Abaqus Analysis User's Manual, Ver.~6.8},
  Publisher                = {Dassault Syst\`emes},
  Year                     = {2008},

  Owner                    = {Hiraku},
  Timestamp                = {2011.10.07}
}

@Book{Contr04,
  Title                    = {Using the Control System Toolbox, Version 6},
  Publisher                = {The Math Works, Inc.},
  Year                     = {2004},
  Note                     = {http://www.mathworks.com/},

  Owner                    = {hiraku},
  Timestamp                = {2008.04.06}
}

@Book{Matlab,
  Title                    = {MATLAB Function Reference},
  Publisher                = {The MathWorks, Inc.},
  Year                     = {2004},

  Address                  = {Natick, MA},
  Month                    = jun,
  Note                     = {http://www.mathworks.com},

  Owner                    = {hiraku},
  Timestamp                = {2008.04.06}
}

@TechReport{NASAR00,
  Title                    = {{NASA} {Research Announcement}: Gossamer Spacecraft Exploratory Research and Technology},
  Year                     = {2000},
  Month                    = sep,
  Type                     = {{NRA} 00-{OSS}-066},

  Owner                    = {hiraku},
  Publisher                = {{NASA}},
  Timestamp                = {2008.04.06}
}

@TechReport{Forwa99,
  Title                    = {Gossamer Spacecraft Survey Study},
  Year                     = {1999},
  Month                    = jul,
  Type                     = {Purchase Order {No}.~1207157 with {Jet Propulsion Laboratory}},

  Owner                    = {hiraku},
  Publisher                = {Forward Unlimited},
  Timestamp                = {2008.04.06}
}

@Article{Sawad13_journal,
  author  = {H. Sawada and Y. Shirasawa and O. Mori and N. Okuizumi and Y. Miyazaki and S. Matunaga and H. Furuya and H. Sakamoto and M. Natori and Y. Tsuda},
  title   = {On-orbit Result and Analysis of Sail Deployment of World's First Solar Power Sail IKAROS},
  journal = {Journal of Space Technology and Science},
  year    = {2013},
  volume  = {27},
  number  = {1},
  pages   = {54--68},
}

@Article{Shira12_journal,
  author  = {Y. Shirasawa and O. Mori and Y. Miyazaki and H. Sakamoto and M. Hasome and N. Okuizumi and H. Sawada and S. Matunaga and H. Furuya and J. Kawaguchi},
  title   = {Evaluation of Membrane Dynamics of IKAROS Based on Flight Result and Simulation Using Multi-Particle Model},
  journal = {Transactions of Japan Society for Aeronautical and Space Sciences, Space Technology Japan},
  year    = {2012},
  volume  = {10},
  pages   = {Po\_4\_21--Po\_4\_26},
}

@InProceedings{Sakam09,
  author    = {H. Sakamoto and Y. Miyazaki and O. Mori},
  title     = {Finite Element Dynamic Analysis of Solar Sail Deployment},
  booktitle = {27th International Symposium on Space Technology and Science},
  year      = {2009},
  number    = {{ISTS} 2009-c-32},
  month     = jul,
  address   = {Tsukuba, Ibaraki, Japan},
  owner     = {hiraku},
  timestamp = {2010.01.19},
}

@InProceedings{Sakam17_ists,
  author    = {H. Sakamoto and H. Nakanishi and H. Furuya and M. Yamazaki and Y. Miyazaki and A. Watanabe and K. Watanabe and A. Torisaka-Kayaba},
  title     = {Development of CubeSat OrigamiSat-1 for Space Demonstration of Deployable Membrane Structure Technologies},
  booktitle = {34th International Symposium on Space Technology and Science},
  year      = {2017},
  number    = {{2017-f-023}},
  owner     = {hiraku},
  timestamp = {2010.01.19},
}

@TechReport{Sakam06_gnc,
  author    = {H. Sakamoto and Y. Miyazaki and K. C. Park},
  title     = {Effect of Static and Dynamic Solar Sail Deformation on Center of Pressure and Thrust Forces},
  year      = {2006},
  type      = {{AIAA Paper} 2006-6184},
  owner     = {hiraku},
  timestamp = {2008.04.06},
}

@TechReport{Chuba18,
  author    = {T. Chubachi and H. Furuya and H. Sakamoto},
  title     = {Undesired Equilibrium Configurations of Boom-Membrane Integrated Structure during Deploying Motion},
  year      = {2018},
  type      = {{AIAA Paper} 2018-0695},
  location  = {AIAA Spacecraft Structures Conference, SciTech2018, Kissimmee, Florida},
  month     = jan},
  owner     = {hiraku},
  timestamp = {2008.04.06},
}

@Article{Toris19,
  author  = {A. Torisaka and D. Hayashi and S. Kawasaki and N. Nishi and Y. Terada and S. Yokoyama and H. Sakamoto},
  title   = {Development of Shape Monitoring System Using {SMA} Dipole Antenna on a Deployable Membrane Structure},
  journal = {Acta Astronautica},
  year    = {2019},
  volume  = {160},
  month   = jul,
  pages   = {147--154},
}

@Article{,
}

@Article{Okada18,
  author   = {T. Okada and Y. Kebukawa and J. Aoki and J. Matsumoto and H. Yano and T. Iwata and O. Mori and J. P. Bibring and S. Ulamec and R. Jaumann},
  title    = {Science Exploration and Instrumentation of the OKEANOS Mission to a {Jupiter} {Trojan} Asteroid Using the Solar Power Sail},
  journal  = {Planetary and Space Science},
  year     = {2018},
  volume   = {161},
  pages    = {99 - 106},
  abstract = {An engineering mission OKEANOS to explore a Jupiter Trojan asteroid, using a Solar Power Sail is currently under study. After a decade-long cruise, it will rendezvous with the target asteroid, conduct global mapping of the asteroid from the spacecraft, and in situ measurements on the surface, using a lander. Science goals and enabling instruments of the mission are introduced, as the results of the joint study between the scientists and engineers from Japan and Europe.},
  keywords = {Solar system formation, Jupiter trojans, Solar power sail, Lander, Mass spectrometry, OKEANOS},
}

@Article{Chen19,
  author  = {T. Chen and O. R. Bilal and R. Lang and C. Daraio and K. Shea},
  title   = {Autonomous Deployment of a Solar Panel Using an Elastic Origami and Distributed Shape Memory Polymer Actuators},
  journal = {Physical Review Applied},
  year    = {2019},
  volume  = {11},
  issue   = {6},
  month   = jun,
  pages   = {1-16},
}
,
  pages   = {1--12},
}

@Article{Sproe20,
  author  = {T. Sproewitz and U. Banik and J. T. Grundmann and F. Haack and M. Hillebrandt and H. Martens and S. Meyer and S. Reershemius and N. Reininghaus and K. Sasaki and P. Seefeldt and O. Sergeev and P. Spietz and M. Sznajder and N. Toth and M. Vehse and T. Wippermann and M. E. Zander},
  title   = {Concept for a Gossamer Solar Power Array Using Thin-film Photovoltaics},
  journal = {CEAS Space Journal},
  year    = {2020},
  volume  = {12},
  month   = sep,
  pages   = {125-135},
}

@InProceedings{Warre15,
  author    = {P. A. Warren and J. W. Steinbeck and R. J. Minelli},
  title     = {Large, Deployable S-Band Antenna for a 6U Cubesat},
  booktitle = {29th Annual {AIAA/USU} Conference on Small Satellites},
  year      = {2015},
  number    = {SSC15-VI-5},
  month     = aug,
  pages     = {1--7},
}

@Article{Banik17_ch7,
  author  = {J. Banik and B. Urioste},
  title   = {Chapter 7: Spaceflight Testing},
  journal = {Testing Large Ultra-Lightweight Spacecraft, AIAA Progress Series in Aeronautics and Astronautics},
  year    = {2017},
  volume  = {253},
  pages   = {215-253},
}

@TechReport{Chamb18,
  author = {M. K. Chamberlain and S. H. Kiefer and J. A. Banik},
  title  = {On-Orbit Structural Dynamics Performance of the Roll-Out Solar Array},
  year   = {2018},
  type   = {{AIAA Paper} 2018-1942},
  pages  = {1-22},
}

@TechReport{Pehrs19,
  author = {N. A. Pehrson and S. P. Smith and D. C. Ames and S. P. Magleby and M. Arya},
  title  = {Self-Deployable, Self-Stiffening, and Retractable Origami-Based Arrays for Spacecraft},
  year   = {2019},
  type   = {{AIAA Paper} 2019-0484},
  pages  = {1-11},
}

@TechReport{Saude19,
  author = {J. F. Sauder and M. Arya and N. Chahat and E. Thiel and S. Dunphy and M. Shi and G. Agnes and T. Cwik},
  title  = {Deployment Mechanisms for High-Packing-Efficiency One-Meter Reflectarray Antenna ({OMERA})},
  year   = {2019},
  type   = {{AIAA Paper} 2019-0755},
  pages  = {1-9},
}

@TechReport{Chamb19_2,
  author = {M. K. Chamberlain and S. H. Kiefer and J. A. Banik},
  title  = {Photogrammetry-Based Analysis of the On-orbit Structural Dynamics of the Roll-Out Solar Array},
  year   = {2019},
  type   = {{AIAA Paper} 2019-2375},
}

@TechReport{Gdout20,
  author = {E. E. Gdoutos and A. Truong and A. Pedivellano and F. Royer and S. Pellegrino},
  title  = {Ultralight Deployable Space Structure Prototype},
  year   = {2020},
  type   = {{AIAA Paper} 2020-0692},
  pages  = {1--10},
}

@TechReport{Gdout18,
  author = {E. E. Gdoutos and C. Leclerc and F. Royer and M. D. Kelzenberg and E. C. Warmann and P. E. Gonzalez and N. Vaidya and F. Bohn and B. Abiri and M. R. Hashemi and M. G. Katziri and A. Fikes and H. A. Atwater and A. Hajimiri and S. Pellegrino},
  title  = {A Lightweight Tile Structure Integrating Photovoltaic Conversion and {RF} Power Transfer for Space Solar Power Applications},
  year   = {2018},
  type   = {{AIAA Paper} 2018-2022},
  pages  = {1--12},
}

@InProceedings{Hodge15,
  author    = {R. E. {Hodges} and D. J. {Hoppe} and M. J. {Radway} and N. E. {Chahat}},
  title     = {Novel deployable reflectarray antennas for {CubeSat} communications},
  booktitle = {2015 IEEE MTT-S International Microwave Symposium},
  year      = {2015},
  pages     = {1--4},
}

@InProceedings{Banik18,
  author    = {J. {Banik} and S. {Kiefer} and M. {LaPointe} and P. {LaCorte}},
  title     = {On-orbit validation of the roll-out solar array},
  booktitle = {2018 IEEE Aerospace Conference},
  year      = {2018},
  pages     = {1--9},
}

@Article{Miyaz18,
  author  = {Y. {Miyazaki}},
  title   = {Deployable Techniques for Small Satellites},
  journal = {Proceedings of the IEEE},
  year    = {2018},
  volume  = {106},
  number  = {3},
  pages   = {471-483},
}

@Article{Chaha19,
  author  = {N. {Chahat} and E. {Decrossas} and D. {Gonzalez-Ovejero} and O. {Yurduseven} and M. J. {Radway} and R. E. {Hodges} and P. {Estabrook} and J. D. {Baker} and D. J. {Bell} and T. A. {Cwik} and G. {Chattopadhyay}},
  title   = {Advanced CubeSat Antennas for Deep Space and Earth Science Missions: A review},
  journal = {IEEE Antennas and Propagation Magazine},
  year    = {2019},
  volume  = {61},
  number  = {5},
  pages   = {37-46},
}

@InProceedings{Chaha19_2,
  author    = {N. {Chahat} and E. {Thiel} and J. {Sauder} and M. {Arya} and T. {Cwik}},
  title     = {Deployable One-Meter Reflectarray For 6U-Class CubeSats},
  booktitle = {2019 13th European Conference on Antennas and Propagation ({EuCAP})},
  year      = {2019},
  pages     = {1-4},
}

@InProceedings{Sakam13,
  author    = {H. Sakamoto and H. Furuya and Y. Satou and M. C. Natori and A. Watanabe and N. Kawabata and R. Sakai and N. Okuizumi and O. Mori and Y. Shirasawa and M. Takai and N. Katsumata and A. Torisaka and R. Funase},
  title     = {Origami-based Membrane Storage and Deployment Technology for De-orbiting Satellites},
  booktitle = {64th International Aeronautical Congress, Beijing, China},
  year      = {2013},
  number    = {{IAC}-13-{B4}.{6A}.4},
  pages     = {1--9},
}

@TechReport{Chubachi2018,
  author = {T. Chubachi and H. Furuya and H. Sakamoto},
  title  = {Undesired Equilibrium Configurations of Boom-Membrane Integrated Structure during Deploying Motion},
  year   = {2018},
  type   = {{AIAA Paper} 2018-0695},
  pages  = {1--21},
}

@InProceedings{Chuba17,
  author    = {T. Chubachi and H. Furuya and A. Watanabe},
  title     = {Hybrid Self-Deployable Tubular CFRP Booms for Deployable Membrane},
  booktitle = {4th International Symposium on Solar Sailing, Kyoto, Japan},
  year      = {2017},
  number    = {17068},
  pages     = {1--7},
}

@InProceedings{Kadon19,
  author    = {S. Kadonishi and H. Sakamoto and M. Okuma},
  title     = {Compact Packaging of Planar Gossamer Space Structures Using Textile Membranes},
  booktitle = {32nd International Symposium on Space Technology and Science (ISTS), Fukui, Japan},
  year      = {2019},
  number    = {2019-k-42},
  pages     = {1--6},
}

@TechReport{Poive04,
  author      = {C. Poivey and M. Xapsos},
  title       = {Total Ionizing Dose Environment for the EO1 spacecraft},
  institution = {NASA Goddard Space Flight Center},
  year        = {2004},
  pages       = {1--11},
  url         = {https://eo1.gsfc.nasa.gov/new/extended/extended/introduction.html},
}

@InProceedings{Wuste19,
	author    = {P. Wüstenberg and L. Kryza and K. Ikeya and J. Großhans and K. Brieß},
	title     = {Qualification ready flight software using module-in-the-loop verification and automated test execution at the example of SALSAT satellite software},
	booktitle = {70th International Astronautical Congress, Washington, D.C., USA},
	year      = {2019},
	number    = {{IAC}-19-{D5}.1.3.{x51819}},
}

@InProceedings{Bohlo19,
  author    = {V. {Bohlouri} and H. {Hosseini-Onari} and M. N. P. {Meibody} and S. {Seyedzamani}},
  title     = {An Online Hardware-in-the-Loop Testbed for Spacecraft Attitude Control},
  booktitle = {2019 27th Iranian Conference on Electrical Engineering (ICEE)},
  year      = {2019},
  month     = {April},
  pages     = {1002-1006},
  issn      = {2164-7054},
}

@Comment{jabref-meta: databaseType:biblatex;}
